
@PhDThesis{ ,
	author = "",
	title = "",
	school = "",
	year = ""
}

@TechReport{ ,
	author = "",
	title = "",
	institution = "",
	year = ""
}

@InBook{ ,
	author = "",
	title = "",
	publisher = "",
	address = "",
	year = "",
	type = "",
	chapter = "",
	editor = ""
}

@Misc{ ,
	author = "",
	title = "",
	text = "",
	year = "",
	url = ""
	
}

@Book{ ,
	author = "",
	title = "",
	publisher = "",
	year = ""
}

@Article{ ,
	author = "",
	title = "",
	journal = "",
	volume = "",
	pages = "",
	year = ""
}

@InProceedings{ ,
	author = "",
	title = "",
	bookTitle = "",
	pages = "",
	year = ""
}

@Article{Shannon,
	author = "C. E. Shannon",
	title = "A Mathematical Theory of Communication",
	journal = "The Bell System Technical Journal",
	volume = "28",
	pages = "",
	year = "1948"
}

@Article{Hamming ,
	author = "R. W. Hamming",
	title = "Error Detecting and Error Correcting Codes",
	journal = "The Bell System Technical Journal",
	volume = "26",
	pages = "",
	year = "1950"
}

@Article{Galoy ,
	author = "M. J. E. Galoy",
	title = "Notes on Digital Coding",
	journal = "Proceedings of the I. R. E. (I. E. E. E.)",
	volume = "37",
	pages = "",
	year = "1949"
}

@Book{Haykin,
	author = "Simon Haykin",
	title = "Sistemas de Comunica\c{c}\~ao: Anal\'ogicos e Digitais",
	publisher = "Bookman",
        edition = "4th",
	year = "2004"
}

@Book{ShuLin,
	author = "Shu Lin and Daniel Costello Jr.",
	title = "Error Control Coding: Fundamentals and Applications",
	publisher = "Prentice-Hall",
	year = "1983"
}

@Book{Zaragoza,
	author = "Robert H. Morelos-Zaragoza",
	title = "The Art of Error correcting Coding",
	publisher = "John Wiley e Sons, Ltd.",
	year = "2002"
}

@Book{Farrell ,
	author = "Jorge Castineira Moreira and Patrick Guy Farrell",
	title = "Essentials of Error-Control Coding",
	publisher = "John Wiley e Sons, Ltd.",
	year = "2006"
}

@Book{Hoffman ,
	author = "D. G. Hoffman and D. A. Leonard and C. C. Lindner and K. T. Phelps and C. A. Hodger and J. R. Wall",
	title = "Coding Theory: The Essentials",
	publisher = "Marcel Dekker, Inc.",
	year = "1991"
}

@TechReport{PtolemyOverview ,
	author = "Christopher Hylands and Edward Lee and Jie Liu and Xiaojun Liu and Stephen Neuendorffer and Yuhong Xiong and Yang Zhao and Haiyang Zheng",
	title = "Overview of the {Ptolemy Project}",
	institution = "University of California, Berkeley",
	year = "July 2, 2003"
        note = {\url{http://ptolemy.eecs.berkeley.edu/}}}
}

@TechReport{PtolemyDomains ,
	author = "Christopher Brooks and Edward A. Lee and Xiaojun Liu and Stephen Neuendorffer and Yang Zhao and Haiyang Zheng",
	title = "Heterogeneous Concurrent Modeling and Design in {Java} ({Volume} 3: {Ptolemy II} Domains)",
	institution = "University of California, Berkeley",
	year = "April 1, 2008"
}

@TechReport{PtolemySoftware ,
	author = "Christopher Brooks and Edward A. Lee and Xiaojun Liu and Stephen Neuendorffer and Yang Zhao and Haiyang Zheng",
	title = "Heterogeneous Concurrent Modeling and Design in {Java} ({Volume} 2: {Ptolemy II} Software Architecture)",
	institution = "University of California, Berkeley",
	year = "July 15, 2005"
}

@Article{ReedSolomon ,
	author = "Irving Reed and Gus Solomom",
	title = "Polynomial Codes Over Certain Finite Fields",
	journal = "SIAM Journal of Applied Math",
	volume = "8",
	pages = "300-304",
	year = "1960"
}

@Article{BCH ,
	author = "Raj Chandra Bose and Dwijendra Kumar Ray-Chaudhuri",
	title = "On A Class of Error Correcting Binary Group Codes",
	journal = "Information and Control",
	volume = "3",
	pages = "68-79",
	year = "March 1960"
}


@misc{ITUR500,
	Author = "{ITU-R BT.500}",
	Text = "{ITU-R Recommendation BT.500-10}",
	Title = "Methodology for the subjective assessment of the quality of television pictures",
	Year = "2000"
}

@Misc{MSU,
	author = "D. Vatolin and A. Moskvin and Oleg Petrov",
	title = "MSU Video Quality Measurement Tool",
	text = "",
	year = "",
	url = "http://compression.ru/video/quality_measure/video_measurement_tool_en.html"
	
}

@mastersthesis{Gus_dissestacao,
	Author = {Gustavo Gentil Barreto Santos},
	School = {Universidade Federal de Pernambuco},
	Text = {Msc. thesis},
	Title = {Video Stream Optimization in {ADSL} Arquitecture},
	Year = {2007}}

@Article{Mann02 ,
	author = "Ian Mann  and Stephen McLaughlin and Werner Henkel and Rob Kirkby and Thomas Kessler",
	title = "Impulse generation with appropriate amplitude, length, inter-arrival, and spectral characteristics",
	journal = "IEEE Journal on Selected Areas in Communications",
	volume = "20",
	pages = "901-912",
	year = "June 2002"
}

@Article{Henkel ,
	author = "Werner Henkel and Thomas Kessler",
	title = "A wideband impulsive noise survey in the German telephone network: statistical description and modelling",
	journal = "AEU",
	volume = "48",
	pages = "277-288",
	year = "November/December 1994."
}

@Article{LeveyMcLaughlin ,
	author = "David B. Levey and Stephen McLaughlin",
	title = "The statistical nature of impulse noise interarrival times in digital subscriber loop systems",
	journal = "Signal Processing",
	volume = "82",
	pages = "329-351",
	year = "2002"
}

@Article{ToughWard ,
	author = "R. J. A. Tough and K. D. Ward",
	title = "The correlation properties of gamma and other non-Gaussian processes generated by memoryless nonlinear transformation",
	journal = "J. Physics D: Applied Physics",
	volume = "32",
	pages = "3075-3084",
	year = "Dec. 1999"
}

@Article{Nedev04 ,
	author = "Nedko H. Nedev and Stephen McLaughlin and D. I. Laurenson",
	title = "Estimating Errors in {xDSL} Due to Impulse Noise",
	journal = "Int. Zurich Seminar on Communications (IZS)",
	volume = "",
	pages = "",
	year = "2004"
}

@Patent{US20030091109 ,
	author = "Yuri Okunev and Yuri Goldstein",
	title = "Convolution Interleaver and Deinterleaver for systems with error correction encoding",
	nationality = "United States",
	number = "2003/0091109",
        year = "May 15, 2003",
}

@Book{Turnbull ,
	author = "John Turnbull and Simon Garret",
	title = "Broadband Applications and the Digital Home",
	publisher = "The Institution of Engineering and Technology",
	year = "2003"
}

@Book{Purser ,
	author = "Michael Purser",
	title = "Introduction to Error-Correcting Codes",
	publisher = "Artech House",
	year = "1995"
}

@misc{TraceSpan,
	Author = {TraceSpan},
	Title = {{DSL Xpert User's Guide}},
        url = {http://www.tracespan.com/},
	Year = {2004}}

@Article{Massey ,
	author = "J. L. Massey",
	title = "Step-by-step decoding of the Bose-Chaudhuri-Hocquenghem codes",
	journal = "IEEE Trans. Inf. Theory",
	volume = "IT-11",
	pages = "580-585",
	year = "October 1965"
}

@Article{Berlekamp ,
	author = "E. R. Berlekamp",
	title = "On decoding binary Bose-Chaudhuri-Hocquenghem codes",
	journal = "IEEE Trans. Inf. Theory",
	volume = "IT-11",
	pages = "577-580",
	year = "October 1965"
}

@TechReport{PSDWang ,
	author = "Ryan Yi Wang",
	title = "{ADSL} Power Spectrum Density Calculation",
	institution = "Texas Instruments",
	year = "September, 2003"
}
@Book{Mpeg4 ,
	author = "T. Ebrahimi and F. Pereira",
	title = "The MPEG-4 Book",
	publisher = "Prentice Hall",
	year = "2002"
}

@misc{videoURL,
	Note = {\url{http://media.xiph.org/video/derf/}, {\'u}ltimo acesso em 12/2010},
	Title = {{Xiph.org Test Media}}}

@Book{Ohm99 ,
	author = "J. R. Ohm",
	title = "Bildsignalverarbeitung fuer multimedia-systeme",
	publisher = "Skript",
	year = "1999"
}

@misc{BroadbandGroup,
	Author = {Nextep Broadband Networks Group},
	Text = {A Nextep Broadband White Paper},
	Title = {{xDSL} modulation technique: methods of achieving spectrum-efficient modulation of high quality tranmsission},
	Year = {May 2001}}

@Article{Henkel95,
	author = "Werner Henkel and Thomas Kessler and Hong Y. Chung",
	title = "Coded 64-{CAP} {ADSL} in an Impulse-Noise Environment-Modeling of Impulse Noise and First Simulation Results",
	journal = "IEEE Journal, On Selected Areas in Communications",
	volume = "13",
	year = "December 1995"
}

@misc{dslTab1,
	Author = {Conniq.com},
	Title = {{xDSL} Comparison - \url{http://www.conniq.com/xDSL_comparison.htm}, {\'u}ltimo acesso em 28/02/2011}}

@Misc{ ,
	author = "",
	title = "",
	text = "",
	year = "",
	url = ""
	
}

@Book{Wicker94 ,
	author = "Stephen B. Wicker",
	title = "Error Control Systems for Digital Communications and Storage",
	publisher = "Prentice Hall",
	year = "1994"
}