@phdthesis {,
Author = {},
Title = {},
School = {},
Year = {} }

@techreport {,
Author = {},
Title = {},
Institution = {},
Year = {} }

@inbook {,
author = {},
title = {},
publisher = {},
address = {},
year = {},
type = {},
chapter = {},
Editor = {} }

@misc{,
  author = {},
  title = {},
  text = {},
  year = {},
  url = {} }

@book {,
Author = {},
Title = {},
Publisher = {},
Year = {} }

@article {,
Author = {},
Title = {},
Journal = {},
Volume = {},
Pages = {},
Year = {} }

@inproceedings {,
Author = {},
Title = {},
BookTitle = {},
Pages = {},
Year = {} }

@article {,
Author = {},
Title = {},
Journal = {},
Volume = {},
Pages = {},
Year = {} }

@book {,
Author = {},
Title = {},
Publisher = {},
Year = {} }

@article {,
Author = {},
Title = {},
Journal = {},
Volume = {},
Pages = {},
Year = {} }

@misc{alteraFPGA07,
  author = {Altera Corp},
  title = {{FIR Compiler MegaCore Function}},
  year = {2010},
note= {www.altera.com }}

@misc{Mathworks01,
  author = {The Mathworks},
  title = {{ Filter Design and Analysis Tool}},
 year = {2010},
note= {http://www.mathworks.com }}

@book {lyons97,
Author = {Richard G. Lyons},
Title = {{Understanding Digital Signal Processing}},
Publisher = {{Prentice Hall PTR}},
Year = {1997} }

@misc{campbell04,
  author = {Ph.D., D.Sc. Colin K. Campbell},
  title = {{Understanding Surface Acoustic Wave (SAW) Devices for Mobile and Wireless
Applications and Design Technique}},
  year = {2004},
  url = {http://www3.sympatico.ca/colin.kydd.campbell/} }

@techreport {fujitsu08,
Author = {Fujitsu},
Title = {{SAW Filter}},
Institution = {{Fujitsu Laboratories Ltd.}},
Year = {2008} 
}

@techreport {alteraFPGA05,
Author = {Altera Corp.},
Title = {{FPGAs for High-Performance DSP Applications}},
Institution = {Altera Corporation},
Year = {2005} }

@techreport {bdti01,
Author = {Berkeley Design Technology.},
Title = {{Choosing a DSP Processor}},
Institution = {BDTI},
Year = {1996-2000} }

@techreport {bdti02,
Author = {Berkeley Design Technology.},
Title = {{The Evolving Role of FPGAs in DSP Applications}},
Institution = {BDTI},
Year = {2007} }

@techreport {alteraFPGA06,
Author = {Altera Corp.},
Title = {{FPGAs Provide Reconfigurable DSP Solutions}},
Institution = {Altera Corporation},
Year = {2001} }

@techreport {altera_modsim,
Author = {Altera Corp.},
Title = {{Modelsim Altera 6.5b}},
Institution = {Altera Corporation},
Year = {2009} }

@techreport {Monica_2007,
Author = {M´onica Arroyuelo, Jorge Arroyuelo, Alejandro Grosso},
Title = {{FPGA-Based Digital Filters Using Bit-Serial Arithmetic}},
Institution = {Departamento de Informatica Universidad Nacional de San Luis Republica Argentina},
Year = {2007}}

@article{Sha_2006,
author = {Shahnam Mirzaei, Anup Hosangadi, Ryan Kastner},
Title = { {FPGA implementation of high speed FIR filters using add and shift method}},
Journal = {International Conference of Computed Design (ICCD '06)},
year = {2006},
pages = {1--4}}

@article{Mar_98,
 author = {Javier Valls Marcos and Marcos Martínez Peiró and Trini Sansaloni and Eduardo Boemo},
Title = {{Design and FPGA implementation of Digit-Serial FIR filters}},
Journal = {IEEE International Conference on Electronics, Circuits and Systems},
year = {1998},
pages = {191--194}}

@techreport{Yong_93,
author = {Yong Ching Lim and Joseph B. Evans and Bede Liu},
title = {{An Efficient Bit-Serial FIR Filter Architecture}},
Journal = {In Circuits  Systems and Signal Processing},
year = {1993}}

@article {Evans_93,
Author = {Joseph B. Evans},
Title = {An Efficient FIR filter Architecture},
Journal ={ IEEE International Symposion on Circuits and Systems},
Pages = {627-630},
Year = {1993} }

@article {Chi_93,
Author = {Chi-Jui Chou, Satish Mohanakrishnan and Joseph Evans},
Title = {{FPGA Implementation of Digital Filters}},
Journal ={ International Conference on Signal Processing Applications and Technology},
Pages = {251-255},
Year = {1993} }


@Article{Vandewalle09,
   affiliation = {EPFL},
   author      = {Vandewalle, Patrick and Kovacevic, Jelena and Vetterli, Martin},
   details     = {http://infoscience.epfl.ch/record/136640},
   documenturl = {http://infoscience.epfl.ch/getfile.py?recid=136640&mode=best},
   doi         = {10.1109/MSP.2009.932122},
   journal     = {{IEEE} {S}ignal {P}rocessing {M}agazine},
   keywords    = {reproducible research; signal processing},
   number      = {3},
   oai-id      = {oai:infoscience.epfl.ch:136640},
   oai-set     = {article; fulltext-public; fulltext},
   pages       = {37--47},
   review      = {REVIEWED},
   status      = {PUBLISHED},
   title       = {Reproducible research in signal processing - what, why, and how},
   unit        = {LCAV},
   volume      = {26},
   year        = {2009}
}

@book {Haykin99signals,
Author = {S. Haykin and B. V. Veen},
Title = {Signals and Systems},
Publisher = {Wiley},
Year = {1999} }

@book {Lathi98,
Author = {B. Lathi},
Title = {Signal Processing and Linear Systems},
Publisher = {Berkeley Cambridge Press},
Year = {1978} }

@book {Malvar92,
Author = {H. Malvar},
Title = {Signal Processing with Lapped Transforms},
Publisher = {Artech House},
Year = {1992} }

@book {Oppenheim96,
Author = {A. Oppenheim and A. Willsky and S. Hamid},
Title = {Signals and Systems},
Edition = {2nd},
Publisher = {Prentice Hall},
Year = {1996} }

@book {Jayant84,
Author = {N. Jayant and P. Noll},
Title = {Digital Coding of Waveforms: Principles and Applications to Speech and Video},
Publisher = {Prentice Hall },
Year = {1984} }

@article {Butzer92,
Author = {P. Butzer and R. Stens},
Title = {Sampling theory for not necessarily band-limited functions: A historical overview},
Journal = {SIAM Review},
Volume = {34},
Pages = {40-53},
Year = {1992} }

@article {Luke99,
Author = {H. Luke},
Title = {The origins of the sampling theory},
Journal = {IEEE Communications Magazine},
Volume = {37},
Pages = {106-108},
Year = {1999} }

@book {Marvasti01,
Author = {F. Marvasti},
Title = {Nonuniform Sampling: Theory and Practice },
Publisher = {Springer},
Year = {2001} }

@book {Benedetto01,
Author = {J. Benedetto and P. Ferreira},
Title = {Modern Sampling Theory},
Publisher = {Birkhauser Boston},
Year = {2001} }

@book {Rao90,
Author = {K. Rao and P. Yip},
Title = {Discrete Cosine Transform---Algorithms, Advantages, Applications},
Publisher = {Academic Press},
Year = {1990} }

@book {Oppenheim75,
Author = {A. Oppenheim},
Title = {Digital Signal Processing},
Publisher = {Prentice-Hall},
Year = {1975} }

@book {Oppenheim89,
Author = {A. Oppenheim and R. Schafer},
Title = {Discrete-time signal processing},
Publisher = {Prentice-Hall},
Year = {1989} }

@book {Mitra01,
Author = {Sanjit K. Mitra},
Title = {Digital Signal Processing, A Computer-Based Approach},
Edition ={2nd Ed.},
Publisher = {McGraw-Hill},
ISBN = {0072522615},
Year = {2001} }

Digital Signal Processing
Introduction:

    * James H. McClellan, Ronald W. Schafer, and Mark A. Yoder DSP First: A Multimedia Approach, Prentice Hall, ISBN 0-13-243171-8, 1998.
    * Douglas K. Lindner, Introduction to Signal and Systems, McGraw-Hill, ISBN 0-256-25259-9, 1999.
    * Sanjit K. Mitra, Digital Signal Processing Laboratory Using MATLAB, McGraw-Hill, ISBN 0-07-232246-2, 1999.
    * Chi-Tsong Chen, Digital Signal Processing, spectral computation and filter design, Oxford University Press, ISBN 0-19-513638-1, 2001.
    * John D. Sherrick, Concepts in Systems and Signals, Prentice Hall, 2000, ISBN 0-13-084115-3.
    * Jack Cartinhour, Digital Signal Processing: An Overview of Basic Principles , Prentice Hall, ISBN 0-13-769266-0, 2000.
    * Ashol Ambardar, Analog and Digital Signal Processing, 2nd ed., Brooks/Cole Publishing Company, ISBN 0-534-95409-X, 1999.

Theory:

    * Alan V. Oppenheim and Ronald W. Schafer, Discrete-Time Signal Processing, Prentice-Hall, ISBN 0-13-216292-X, 1989.
    * P. P. Vaidyanathan, Multirate Systems and Filter Banks, Englewood Cliffs, NJ, Prentice-Hall, ISBN 0-13-605718-7, 1993.
    * Stefan L. Hahn, Hilbert Transforms in Signal Processing, Artech House, ISBN 0-89006-886-0, 1996.
    * Thomas J. Cavicchi, Digital Signal Processing, John Wiley and Sons, Inc., ISBN 0-471-12472-9, 2000.

Advanced signal processing:

    * Monson H. Hayes, Statistical Digital Signal Processing and Modeling, John Wiley and Sons, ISBN 0-471-59431-8, 1996.
    * Dimitris G. Manolakis, Vinay K. Ingle, and Stephen M. Kogon, Statistical and Adaptive Signal Processing: Spectral Estimation, Signal Modeling, and Adaptive Filtering and Array Processing McGraw Hill, Inc., ISBN 0-07-040051-2, 2000
    * John R. Treichler, C. Richard Johnson, Jr., and Michael G. Larimore, Theory and Design of Adaptive Filters, Prentice Hall, ISBN 0-13-040265-6, 2001.
    * Lawrence J. Ziomek, Fundamentals of Acoustic Field Theory and Space-Time Signal Processing, CRC Press, ISBN 0-8493-9455-4, 1995.
    * Charles W. Therrien, Discrete Random Signals and Statistical Signal Processing, Prentice Hall, ISBN 0-13-852112-3, 1992.
    * Donald H. Johnson and Daniel E. Dudgeon, Array Signal Processing, Englewood Cliffs, NJ, Prentice-Hall, 1993.
    * Robert Grover Brown and Patrick Y. C. Hwang, Introduction to random signals and applied Kalman filtering, John Wiley and Sons, 1992, ISBN 0-471-12839-2.
    * Simon Haykin, Adaptive Filter Theory, Prentice Hall, ISBN 0-13-090126-1, 2002.
    * John R. Treichler, C. Richard Johnson, Jr. and Michael G. Larimore, Theory and Design of Adaptive Filters, Prentice Hall, ISBN 0-13-040265-6, 2001.
    * Allen Gersho and Robert M. Gray, Vector Quantization and Signal Compression, Kluwer Academic Publishers, ISBN 0-7923-9181-0, 1992.
