@phdthesis {,
   author = {},
   title = {},
   school = {},
   year = {} }
   

@mastersthesis {,
Author = {},
Title = {},
School = {},
Year = {} }
   

@techreport {,
   author = {},
   title = {},
   institution = {},
   year = {} }

@book {,
   author = {},
   title = {},
   publisher = {},
   edition = {},
   year = {} }

@inbook {,
   author = {},
   title = {},
   publisher = {},
   address = {},
   year = {},
   type = {},
   chapter = {},
   editor = {} }

@misc{,
   author = {},
   title = {},
   text = {},
   year = {},
   url = {} }

@article {,
   author = {},
   title = {},
   journal = {},
   volume = {},
   month = {},
   pages = {},
   year = {} }

@inproceedings {,
   author = {},
   title = {},
   bookTitle = {},
   pages = {},
   year = {} }


@misc{Altera,
   author = {Altera},
   title = {Altera Corporation},
   year = {2011},
   note = {\url{http://www.altera.com/}}
   
@misc{Mentor,
   author = {Mentor},
   title = {Mentor Graphics},
   year = {2011},
   note = {\url{http://http://www.mentor.com/} }
   
}

