% This file was created with JabRef 2.6.
% Encoding: UTF-8

@MISC{GSA,
  author = {Global Mobile Suppliers Association},
  title = {{GSM}/{3G} Stats},
  month = {December},
  year = {2010},
  note = {\url{www.gsacom.com}}
}

@ARTICLE{Cabral2009,
  author = {Marcel Cabral and Igor Almeida and Carlos Melo and Aldebaro Klautau},
  title = {Low-Cost GSM Telephony in the Amazon Region Based on Open-Source
	/ Open-Hardware Projects},
  journal = {IEEE Latincom'09},
  year = {2009}
}

@ELECTRONIC{Campbell2002,
  author = {Ben Campbell and Johnathan Rosenberg and Henning Schulzrinne and
	Christian Huitema and David Gurle},
  year = {2002},
  title = {RFC 3428: SIP Message Extension},
  note = {\url{http://www.ietf.org/rfc/rfc3428.txt}}
}

@MANUAL{GSM0201,
  title = {GSM Technical Specification 02.01: Principles of telecommunication
	services supported by a GSM Public Land Mobile Network (PLMN)},
  author = {Special Mobile Group Technical Committee},
  organization = {European Telecommunications Standards Institute},
  year = {1999},
  note = {version 8.2.1}
}

@MANUAL{GSM0217,
  title = {GSM Technical Specification 02.17: Subscriber Identity Modules (SIM);
	Functional characteristics},
  author = {Special Mobile Group Technical Committee},
  organization = {European Telecommunications Standards Institute},
  year = {1999},
  note = {version 8.0.0}
}

@MANUAL{GSM0401,
  title = {GSM Technical Specification 04.01: Mobile Station - Base Station
	System (MS - BSS) interface; General aspects and principles},
  author = {Special Mobile Group Technical Committee},
  organization = {European Telecommunications Standards Institute},
  year = {1999},
  note = {version 8.0.0}
}

@MANUAL{GSM0405,
  title = {GSM Technical Specification 04.05: Data Link (DL) layer; General
	aspects},
  author = {Special Mobile Group Technical Committee},
  organization = {European Telecommunications Standards Institute},
  year = {1999},
  note = {version 8.0.1}
}

@MANUAL{GSM0501,
  title = {GSM Technical Specification 05.01: Physical layer on the radio path;
	General description},
  author = {Special Mobile Group Technical Committee},
  organization = {European Telecommunications Standards Institute},
  year = {1999},
  note = {version 8.6.0}
}

@MANUAL{GSM0505,
  title = {GSM Technical Specification 05.05: Radio transmission and reception},
  author = {Special Mobile Group Technical Committee},
  organization = {European Telecommunications Standards Institute},
  year = {1999},
  note = {version 8.9.0}
}

@MANUAL{GSM1111,
  title = {GSM Technical Specification 11.11: Specification of the Subscriber
	Identity Module - Mobile Equipment (SIM-ME) Interface},
  author = {Special Mobile Group Technical Committee},
  organization = {European Telecommunications Standards Institute},
  year = {1999},
  note = {version 8.8.0}
}

@MANUAL{GSM0204,
  title = {GSM Technical Specification 02.04: General on supplementary services},
  author = {Special Mobile Group Technical Committee},
  organization = {European Telecommunications Standards Institute},
  year = {1998},
  note = {version 7.1.2}
}

@MANUAL{GSM0302,
  title = {GSM Technical Specification 03.02: Network architecture},
  author = {Special Mobile Group Technical Committee},
  organization = {European Telecommunications Standards Institute},
  year = {1998},
  note = {version 7.1.0}
}

@MANUAL{GSM0340,
  title = {GSM Technical Specification 03.40: Technical realization of the Short
	Message Service (SMS) Point-to-Point (PP)},
  author = {Special Mobile Group Technical Committee},
  organization = {European Telecommunications Standards Institute},
  year = {1998},
  note = {version 7.5.0}
}

@BOOK{Eberspaecher2009,
  title = {GSM - Architecture, Protocols and Services},
  publisher = {John Wiley \& Sons, Ltd.},
  year = {2009},
  author = {Jörg Eberspächer and Hans-Jörg Vögel and Christian Bettstetter and
	Christian Hartmann},
  edition = {third}
}

@MISC{Ettus,
  author = {Matthew Ettus},
  title = {Ettus Research, {LLC}},
  note = {\url{ettus.com}}
}

@MISC{Niue2010,
  author = {Kestrel Signal Processing Inc.},
  title = {Niue Pilot System, Spring 2010},
  year = {2010},
  note = {\url{http://openbts.sourceforge.net/NiuePilot}}
}

@BOOK{Korhonen2003,
  title = {Introduction to 3G Mobile Communications},
  publisher = {Artech House},
  year = {2003},
  author = {Juha Korhonen},
  edition = {second}
}

@BOOK{Kurose2006,
  title = {Redes de Computadores e a Internet},
  publisher = {Pearson Education, Addison-Wesley},
  year = {2006},
  author = {James F. Kurose and Keith W. Ross},
  edition = {terceira}
}

@INPROCEEDINGS{Marwanto2009,
  author = {Arief Marwanto and Mohd Adib Sarijari and Norsheila Fisal and Sharifah
	Kamilah Syed Yusof and Rozeha Rashid},
  title = {Experimental Study of OFDM Implementation Utilizing GNU Radio and
	USRP - SDR},
  booktitle = {Proceedings of the 2009 IEEE 9th Malaysia International Conference
	on Communications},
  year = {2009}
}

@BOOK{Meggelen2007,
  title = {Asterisk: The Future of Telephony},
  publisher = {O'Reilly Media, Inc.},
  year = {2007},
  author = {Jim Van Meggelen and Leif Madsen and Jared Smith},
  edition = {second}
}

@BOOK{Mehrotra1997,
  title = {GSM System Engineering},
  publisher = {Artech House},
  year = {1997},
  author = {Asha Mehrotra}
}

@BOOK{Schiller2003,
  title = {Mobile Communications},
  publisher = {Pearson Education, Addison-Wesley},
  year = {2003},
  author = {Jochen Schiller},
  edition = {second}
}

@ARTICLE{Schmid2006,
  author = {Thomas Schmid},
  title = {GNU Radio 802.15.4 En- and Decoding},
  year = {2006}
}

@ARTICLE{Welte2010,
  author = {Harald Welte},
  title = {Osmocom{BB}: A Free Software {GSM} Baseband Firmware},
  journal = {COSCUP 2010},
  year = {2010}
}

