@phdthesis {,
   author = {},
   title = {},
   school = {},
   year = {} }

@techreport {,
   author = {},
   title = {},
   institution = {},
   year = {} }

@book {,
   author = {},
   title = {},
   publisher = {},
   edition = {},
   year = {} }

@inbook {,
   author = {},
   title = {},
   publisher = {},
   address = {},
   year = {},
   type = {},
   chapter = {},
   editor = {} }

@misc{,
   author = {},
   title = {},
   text = {},
   year = {},
   url = {} }

@article {,
   author = {},
   title = {},
   journal = {},
   volume = {},
   month = {},
   pages = {},
   year = {} }

@inproceedings {,
   author = {},
   title = {},
   bookTitle = {},
   pages = {},
   year = {} }



   

@inproceedings {daSilva05,
   author = {{C}.{R}. {C}. da {S}ilva and {B}. {C}hoi and {K}. {K}im},
   title = {{D}istributed {S}pectrum {S}ensing for {C}ognitive {R}adio {S}ystems},
   bookTitle = {{P}roc. {I}nform. {T}heory and {A}pplicat. {W}orkshop},
   pages = {120-123},
   year = {2007} }

@misc{Rosa09,
   author = {Jo\~{ao} {M}arcos {R}osa},
   title = {{H}arpias da {F}loresta {N}acional de {C}araj\'as},
   year = {2009},
   note ={\url{http://viajeaqui.abril.com.br/national-geographic/blog/harpias-floresta-nacional-carajas-165548_comentarios.shtml?8572121} }




@misc{EltaSoftware10,
   author = {{E}lta, {P}roducts},
   title = {{U}se and {P}rogramming of the {HAL}2 beacon {S}oftware{ V}4.03},
   year = {2010},
   note ={\url{http://www.elta.fr/uk/transmission-and-communication/4/satellite-transmission/15/argos-scd-transmitter/58} }


@misc{Elta10,
   author = {{E}lta, {P}roducts},
   title = {{A}RGOS/SCD {T}ransmitter},
   year = {2010},
   note ={\url{http:www.elta.fr/uk_doc/HAL2_eng.pdf} }

@misc{Aprile09,
   author = {{M}arisa {A}prile},
   title = {{H}arpia: {A}ve de {R}apina {S}ul-{A}mericana est\'a {A}mea\c{c}ada de {E}xtin\c{c}\~{ao}},
   year = {2009},
   note ={\url{http://educacao.uol.com.br/biologia/ult1698u80.jhtm} }

@misc{Telonics05,
   author = {{T}elonics, {I}nc {P}roducts},
   title = {{TMT-462 GPS}/{A}rgos {S}ystem},
   year = {2005},
   note ={\url{http://www.telonics.com/products/gps4Marine/manatee.php} }

@misc{TelonicsTPP,
   author = {Telonics},
   title = {Telonics {P}roduct {P}rogrammer},
   year = {2010},
   note ={\url{http://www.telonics.com/software/tpp.php} }


@misc{Manual10,
   author = {{A}rgos {U}ser's {M}anual},
   title = {{W}orld{W}ide {T}racking and {E}nvironmental {M}onitoring by {S}atellite},
   year = {2010},
   note ={\url{http://www.argos-system.org/manual/ home.htm} }

@misc{Mantovani10,
   author = {{J}os\'e {E}duardo {M}antovani},
   title = {{I}ntrodu\c{c}\~{ao} \`a {R}adiotelemetria},
   year = {2010},
   note ={\url{http://www.crn2.inpe.br/conteudo/download/2srtb-manto-mc.pdf} }

@misc{Sun03,
   author = {{S}un {M}icrosystem},
   title = {{C}ode {S}amples and {A}pps},
   year = {2003},
   note ={\url{http://java.sun.com/javase/technologies/desktop/media/jmf/reference/codesamples/index.htm} }


@misc{SBCDA10,
   author = {Brazilian System for Environmental Data Collection},
   title = {{CBERS}},
   year = {2010},
   note ={\url{http://www.cbers.inpe.br/pt/programas/cbers1-2_scd.htm}}}


@book {Miyadarira09,
   author = {{M}iyadarira, {N}. {A}.},
   title = {{M}icrocontroladores {PIC} 18: {A}prenda a {P}rogramar em {L}inguagem {C}},
   publisher = {\'{E}rica},
   edition = {1},
   year = {2009} }

@book {Pereira09,
   author = {{F}. {P}ereira},
   title = {{M}icrocontroladores {PIC}},
   publisher = {\'{E}rica},
   edition = {6},
   year = {2009} }


@book {Parsian06,
   author = {{P}arsian, {M}.},
   title = {{JDBC} {M}etadata, {M}y{SQL} and {O}racle {R}ecipes},
   publisher = {{A}press},
   edition = {1},
   year = {2006} }

@book {Monty02,
   author = {{M}onty {W}idenius, {D}. {A}xmark, {M}y{SQL AB}},
   title = {{M}y{SQL} {R}eference {M}anual},
   publisher = {{S}ebastopol},
   edition = {1},
   year = {2002} }

@article {Comaniciu00,
   author = {{D}. {C}omaniciu and {V}. {R}amesh and {P}. {M}eer},
   title = {{R}eal-{T}ime {T}racking of {N}on- {R}igid {O}bjects {U}sing {M}ean {S}hift},
   journal = {{IEEE CVPR}},
   volume = {2},
   month = {June},
   pages = {142-149},
   year = {2000} }

@article {Sheriff07,
   author = {{S}heriff, {R}. , {E}. {D}onner, {A}. {C}oralli, {V}., {A}.},
   title = {{W}ireless {C}ommunications and {N}etworking: {S}atellite {C}ommunications},
   journal = {{EURASIP}},
   volume = {1},
   month = {December},
   pages = {2},
   year = {2007} }

@article {Allen96,
   author = {{A}. {A}llen},
   title = {{P}erformance of {GPS}/{A}rgos {S}elf-{L}ocating {D}atum {M}arker {B}uoys ({SLDMB}s)},
   journal = {Conference {P}roceedings of the {OCEANS} '96. {MTS}/{IEEE}. '{P}rospects for the 21st {C}entury'.},
   volume = {2},
   month = {September},
   pages = {857-861},
   year = {1996} }

@article {Wilson99,
   author = {{T}. {C}. {W}ilson {J}r.},
   title = {{C}urrent and {E}merging {S}atellite {T}echnologies: {I}mplications for {D}rifting {B}uoy {D}esign},
   journal = {Proceedings of the {IEEE} {S}ixth {C}urrent {M}easurement},
   volume = {},
   month = {March},
   pages = {95-100},
   year = {1999} }

   @article {Whitman08,
   author = {Whitman, E. and Dill, L. D.},
   title = {{A}utomatic {F}ormal {V}erification of {B}lock {C}ipher {I}mplementations},
   journal = {Formal {M}ethods in {C}omputer-{A}ided {D}esign},
   volume = {2},
   month = {October},
   pages = {978-986},
   year = {2008} }
  
   @article {Wang04,
   author = {{W}ang, {M}.,{S}u, {C}. and {W}u, {C}.},
   title = {{A}n {HMAC} {P}rocessor with {I}ntegrated {SHA}- 1 and {MD5} {A}lgorithms},
   journal = {{Proceedings of the Design Automation Conference}},
   volume = {2},
   month = {April},
   pages = {456-458},
   year = {2004} }
   
   
   @techreport {Haulisson09,
   author = {{H}aulisson {J}ody {B}atista da {C}osta},
   title = {{M}odelagem em {S}ystem{C}-{AMS} de uma {P}lataforma {C}ompat\'ivel com o {S}istema de {C}oleta de {D}ados {B}rasileiro},
   institution = {{U}niversidade {F}ederal do {R}io {G}rande do {N}orte - {UFRN}},
   year = {2009} }