% This file was created with JabRef 2.3.1.
% Encoding: UTF-8

@BOOK{Abney2002,
  title = {Encyclopedia of Congnitive Science - Statistical Methods},
  publisher = {AT\&T Laboratories},
  year = {2002},
  author = {Steven Abney},
  pages = {1-11},
  month = {January},
  owner = {fabiola},
  timestamp = {2010.09.28}
}

@TECHREPORT{Abney1996,
  author = {Steven Abney},
  title = {Statistical Methods and Linguistics},
  institution = {University of Tubingen},
  year = {1996},
  owner = {fabiola},
  timestamp = {2010.09.28}
}

@BOOK{Allen1987,
  title = {From Text-To-Speech: The MITalk System},
  publisher = {Cambridge University Press},
  year = {1987},
  author = {Jonathan Allen and M. Sharon Hunnicutt and Dennis Klatt and},
  owner = {fabiola},
  timestamp = {2011.06.14}
}

@INPROCEEDINGS{Anumanchipalli2010a,
  author = {Anumanchipalli, Gopala K. and Black, Alan W.},
  title = {Adaptation Techniques for Speech Synthesis in Under-resoured languages},
  booktitle = {Spoken Language Technologies for Under-resoured languages},
  year = {2010},
  address = {Penang, Malaysia}
}

@INPROCEEDINGS{Anumanchipalli2010,
  author = {Gopala Krishna Anumanchipalli and Ying-Chang Cheng and Joseph Fernandez
	and Xiaohan Huang and Qi Mao and Alan W Black},
  title = {KlaTTStat: Knowledge-based Statistical Parametric Speech Synthesis
	},
  booktitle = {7th ISCA Workshop on Speech Synthesis},
  year = {2010},
  address = {Keihanna, Japan},
  month = {September}
}

@INPROCEEDINGS{Bickley2002,
  author = {Bickley, C. and Bruckert, E.},
  title = {Improvements in the voice quality of DECtalk reg;},
  booktitle = {Proceedings of 2002 IEEE Workshop on Speech Synthesis},
  year = {2002},
  pages = { 55 - 58},
  month = {sep.},
  doi = {10.1109/WSS.2002.1224372},
  issn = { },
  journal = {Speech Synthesis, 2002. Proceedings of 2002 IEEE Workshop on},
  keywords = { DECtalk; HLsyn model; formant-based synthesized voices; hybrid articulatory-acoustic
	model; speech production; voice quality; speech processing; speech
	synthesis;}
}

@INPROCEEDINGS{Black2009,
  author = {Black, A.W. and Kominek, J.},
  title = {Optimizing segment label boundaries for statistical speech synthesis},
  year = {2009},
  pages = {3785 -3788},
  month = {apr.},
  doi = {10.1109/ICASSP.2009.4960451},
  issn = {1520-6149},
  journal = {Acoustics, Speech and Signal Processing, 2009. ICASSP 2009. IEEE
	International Conference on},
  keywords = {segment label boundary optimization;statistical parametric speech
	synthesis;statistical speech synthesis;speech synthesis;statistical
	analysis;}
}

@ARTICLE{Alan2007,
  author = {Alan Black and Heiga Zen and Keiichi Tokuda},
  title = {Statistical Parametric Speech Synthesis},
  journal = {International Conference on Acoustics, Speech, and Signal Processing
	- IEEE ICASSP Magazine},
  year = {2007},
  pages = {1229-1232},
  owner = {fabiola},
  timestamp = {2010.09.28}
}

@MISC{Black2006,
  author = {Alan W. Black},
  title = {INTERSPEECH 2006- ICSLP CLUSTERGEN: A Statistical Parametric Synthesizer
	using Trajectory Modeling},
  year = {2006}
}

@ARTICLE{Black2006a,
  author = {Alan W. Black},
  title = {CLUSTERGEN: A Statistical Parametric Synthesizer using Trajectory
	Modeling},
  journal = {Interspeech 2006},
  year = {2006},
  owner = {fabiola},
  timestamp = {2010.10.24}
}

@MISC{Boersma2011,
  author = {Paul Boersma and David Weenink},
  title = {Praat: doing phonetics by computer},
  year = {Visited on June, 2011.},
  owner = {fabiola},
  timestamp = {2011.06.14},
  url = {http://www.fon.hum.uva.nl/praat/}
}

@ARTICLE{Borges2008,
  author = {Jos\'{e} Borges and Igor Couto and Fab\'{i}ola Oliveira and Tales
	Imbiriba and Aldebaro Klautau},
  title = {GASpeech: A Framework for Automatically Estimating Input Parameters
	of Klatt's Speech Synthesizer},
  journal = {Neural Networks, Brazilian Symposium on},
  year = {2008},
  volume = {0},
  pages = {81-86},
  address = {Los Alamitos, CA, USA},
  doi = {http://doi.ieeecomputersociety.org/10.1109/SBRN.2008.23},
  issn = {1522-4899},
  publisher = {IEEE Computer Society}
}

@MISC{Breidegard2003,
  author = {Bjorn Breidegard and Christian Balkenius},
  title = {Speech Development by Imitation},
  year = {2003},
  abstract = {The Double Cone Model (DCM) is a model of how the brain transforms
	sensory input to motor commands through successive stages of data
	compression and expansion. We have tested a subset of the DCM on
	speech recognition, production and imitation. The experiments show
	that the DCM is a good candidate for an artificial speech processing
	system that can develop autonomously. We show that the DCM can learn
	a repertoire of speech sounds by listening to speech input. It is
	also able to link the individual elements of speech to sequences
	that can be recognized or reproduced, thus allowing the system to
	imitate spoken language.},
  editor = {Christopher G. Prince and Luc Berthouze and Hideki Kozima and Daniel
	Bullock and Georgi Stojanov and Christian Balkenius},
  keywords = {double cone model, speech imitation, autonomous development},
  pages = {57--64},
  publisher = {Lund University Cognitive Studies},
  url = {http://cogprints.org/3328/},
  volume = {101}
}

@BOOK{Bunke2001,
  title = {Hidden Markov Models -- applications in computer vision},
  publisher = {World Scientific - ACM},
  year = {2001},
  author = {Horst Bunke},
  volume = {45}
}

@INPROCEEDINGS{Buza2006,
  author = {Buza, O. and Toderean, G. and Nica, A. and Caruntu, A.},
  title = {Voice Signal Processing For Speech Synthesis},
  year = {2006},
  volume = {2},
  pages = {360 -364},
  month = {may.},
  doi = {10.1109/AQTR.2006.254660},
  journal = {Automation, Quality and Testing, Robotics, 2006 IEEE International
	Conference on},
  keywords = {characteristic parameter extraction;software application;speech quality
	enhancement;speech signal analysis;speech signal manipulation;speech
	synthesis;voice signal processing;speech synthesis;}
}

@INPROCEEDINGS{Carvalho2003,
  author = {Pedro Carvalho and Isabel Trancoso and Luís Oliveira},
  title = {WFST based Unit Selection for Concatenative Speech Synthesis in European
	Portuguese},
  booktitle = {Proceedings of 15th INTERNATIONAL CONGRESS OF PHONETIC SCIENCES BARCELONA},
  year = {2003},
  owner = {fabiola},
  timestamp = {2010.10.18}
}

@INPROCEEDINGS{Chandak2010,
  author = {Chandak, M.B. and Dharaskar, R.},
  title = {Emotion extractor: A methodology to implement prosody features in
	speech synthesis},
  year = {2010},
  pages = {184 -188},
  month = {may.},
  doi = {10.1109/ICECTECH.2010.5479961},
  journal = {Electronic Computer Technology (ICECT), 2010 International Conference
	on},
  keywords = {arousal;documents contents;dominance;emotion extractor;emotions self
	assessment test;pleasure;prosody features;speech synthesis;document
	handling;emotion recognition;speech synthesis;}
}

@INPROCEEDINGS{Chomphan2008,
  author = {Chomphan, S. and Kobayashi, T.},
  title = {Incorporation of phrase intonation to context clustering for average
	voice models in HMM-based Thai speech synthesis},
  year = {2008},
  pages = {4637 -4640},
  month = {mar.},
  doi = {10.1109/ICASSP.2008.4518690},
  issn = {1520-6149},
  journal = {Acoustics, Speech and Signal Processing, 2008. ICASSP 2008. IEEE
	International Conference on},
  keywords = {average voice models;context clustering;phrase intonation;speaker
	independent HMM-based Thai speech synthesis;hidden Markov models;speech
	synthesis;}
}

@MISC{Couto2008,
  author = {Igor Costa do Couto and José Vieira Maciel Borges},
  title = {Otimização Multi-Objetivo Aplicada à Síntese de Voz},
  year = {2008},
  note = {Trabalho de Conclusão de Curso apresentado para obtenção do grau
	de Engenheiro em Engenharia da Computação, do Instituto de Tecnologia,
	da
	
	Faculdade de Engenharia da Computação da Universidade Federal do Pará.},
  owner = {fabiola},
  timestamp = {2010.10.20}
}

@MISC{Igor2008,
  author = {Igor Costa do Couto and José Vieira Maciel Borges},
  title = {Otimizacão Multi-Objetivo Aplicada à Síntese de Voz},
  year = {2008},
  owner = {fabiola},
  timestamp = {2010.10.03}
}

@ARTICLE{Cruz2004,
  author = {Regina Cruz and L\'{e}a Fernandes},
  title = {Banco de dados orais: Uma nova perspectiva aos estudos do portugu\^{e}s
	brasileiro (in portuguese)},
  journal = {Revista de Estudos da Linguagem 122},
  year = {2004},
  pages = {193-212},
  owner = {fabiola},
  timestamp = {2011.06.14}
}

@BOOK{Deb2001,
  title = {Multi-Objective Optimization using Evolutionary Algorithms},
  publisher = {Wiley},
  year = {2001},
  author = {Kalyanmoy Deb}
}

@INPROCEEDINGS{Deb2000,
  author = {Kalyanmoy Deb and S. Agrawal and A. Pratap},
  title = {A fast elitist non-dominated sorting genetic algorithm for multi-objective
	optimization: NSGA-II},
  booktitle = {Proceedings of the Parallel Problem Solving from Nature VI},
  year = {2000},
  pages = {849-858}
}

@ARTICLE{Vassilios1996,
  author = {Vassilios Digalakis and Leonardo Neumeyer},
  title = {Speaker adaptation using combined transformation and Bayesian methods},
  journal = {IEEE Transactions on Speech and Audio Processing},
  year = {1996},
  volume = {4},
  pages = {294 - 300},
  month = {July},
  owner = {fabiola},
  timestamp = {2010.10.12}
}

@INPROCEEDINGS{Ding1997,
  author = {Wen Ding and Campbell, N. and Higuchi, N. and Kasuya, H.},
  title = {Fast and robust joint estimation of vocal tract and voice source
	parameters},
  booktitle = {Acoustics, Speech, and Signal Processing, 1997. ICASSP-97., 1997
	IEEE International Conference on},
  year = {1997},
  volume = {2},
  pages = {1291 -1294 vol.2},
  month = {apr},
  doi = {10.1109/ICASSP.1997.596182},
  keywords = {ARX model;ATR two-channel speech database;Kalman filtering;analysis
	pole-order;automatic model order selection method;autoregressive
	model;computation cost reduction;estimated formant bandwidths;exogenous
	input;fast joint estimation;nonlinear optimization;pitch synchronous
	method;robust joint estimation;sentence level prominence patterns;simulated
	annealing;speech signals;time-varying coefficients;vocal tract parameters;voice
	source parameters;Kalman filters;autoregressive processes;filtering
	theory;parameter estimation;simulated annealing;speech processing;}
}

@TECHREPORT{Dugad1996,
  author = {Rakesh Dugad},
  title = {A Tutorial on Hidden Markov Models},
  institution = {Indian Institute of Technology},
  year = {1996},
  comment = {Signal Processing and Artificial Neural Network Laboratory}
}

@MISC{Daniel2010,
  author = {Daniel Erro and Asunción Moreno},
  title = {Frame Alignment Method for Cross-lingual Voice Conversion},
  year = {2010},
  owner = {fabiola},
  timestamp = {2010.10.01}
}

@INPROCEEDINGS{Fan2010,
  author = {Yang Fan and Liu Ming-hui and Xu Sun-hua and Pan Guo-feng},
  title = {Research on a new method of preprocessing and speech synthesis pitch
	detection},
  year = {2010},
  volume = {1},
  pages = {V1-399 -V1-401},
  month = {jun.},
  doi = {10.1109/ICCDA.2010.5540832},
  journal = {Computer Design and Applications (ICCDA), 2010 International Conference
	on},
  keywords = {audio voice signal edge extraction;modify autocorrelation function;modify
	of the average magnitude difference function;polynomial smoothing
	method;speech signal extraction;speech synthesis pitch detection;voice
	signal center;polynomials;smoothing methods;speech processing;}
}

@INPROCEEDINGS{Gomes1998,
  author = {L. De C.T Gomes and E. J. Nagle and J.G. Chiquito},
  title = {Text-to-speech conversion system for Brazilian Portuguese using a
	formant-based synthesis technique},
  booktitle = {Telecommunications Symposium, 1998. ITS '98 Proceedings. SBT/IEEE
	International},
  year = {1998},
  pages = {219-224}
}

@ARTICLE{Deepa2008,
  author = {Deepa P. Gopinath and Vinod Chandra S. S. and Veena S. G. and Achuthsankar
	S. Nair},
  title = {A hybrid duration model using CART and HMM},
  journal = {TENCON 2008 - 2008 IEEE Region 10 Conference},
  year = {2008},
  pages = {1-4},
  month = {November},
  owner = {fabiola},
  timestamp = {2010.10.05}
}

@MISC{Hallahan1995,
  author = {William I. Hallahan},
  title = {DECtalk Software: Text-to-Speech Technology and Implementation},
  year = {1995}
}

@INPROCEEDINGS{Heid1998,
  author = {Sebastian Heid and Sarah Hawkins},
  title = {PROCSY: A hybrid approach to high-quality formant synthesis using
	HLsyn},
  booktitle = {Third International Workshop on Speech Synthesis, Jenolan Caves,
	Australia},
  year = {1998},
  pages = {219--224}
}

@INPROCEEDINGS{Hertz2002,
  author = {Hertz, S.R.},
  title = {Integration of rule-based formant synthesis and waveform concatenation:
	a hybrid approach to text-to-speech synthesis},
  year = {2002},
  pages = { 87 - 90},
  month = {sep.},
  doi = {10.1109/WSS.2002.1224379},
  issn = { },
  journal = {Speech Synthesis, 2002. Proceedings of 2002 IEEE Workshop on},
  keywords = { efficient unit selection/production; rule-based formant synthesis;
	speech cue enhancement; speech database size; sub-optimal listening
	environments; synthetic utterance; text-to-speech synthesis; waveform
	concatenation; knowledge based systems; speech enhancement; speech
	synthesis;}
}

@INPROCEEDINGS{Ho1999,
  author = {Ho, C.W. and Lee, K.H. and Leung, K.S.},
  title = {A genetic algorithm based on mutation and crossover with adaptive
	probabilities},
  booktitle = {Proceedings of the 1999 Congress on Evolutionary Computation},
  year = {1999},
  volume = {1},
  pages = {775 Vol. 1},
  doi = {10.1109/CEC.1999.782010},
  journal = {Evolutionary Computation, 1999. CEC 99. Proceedings of the 1999 Congress
	on},
  keywords = {PRAM;adaptive probabilities;crossover;fitness improvement;genetic
	algorithm;mutation;parameter tuning;probabilistic rule-based adaptive
	model;self-adaptation;algorithm theory;genetic algorithms;probability;}
}

@INPROCEEDINGS{Honda1999,
  author = {Honda, M. and Kaburagi, T. and Okadome, T.},
  title = {Speech synthesis by mimicking articulatory movements},
  year = {1999},
  volume = {2},
  pages = {463 -468 vol.2},
  doi = {10.1109/ICSMC.1999.825305},
  journal = {Systems, Man, and Cybernetics, 1999. IEEE SMC '99 Conference Proceedings.
	1999 IEEE International Conference on},
  keywords = {articulatory movements;articulatory-to-acoustic mapping;computational
	model;contextual variability;phoneme specific gesture;speech acoustics;speech
	production;task-oriented trajectory formation;trajectory formation;physiological
	models;speech synthesis;}
}

@ARTICLE{Guido2005,
  author = {Guido W. Imbens and Whitney K. Newey and Geert Ridder},
  title = {Mean-square-error Calculations for Average Treatment Effects},
  journal = {IEPR Working Paper No. 05.34},
  year = {2005},
  month = {September},
  owner = {fabiola},
  timestamp = {2010.10.22}
}

@INPROCEEDINGS{Dominik2007,
  author = {Dominik Joho and Maren Bennwitz and Sven Behnke},
  title = {Pitch Estimation using Models of Voice Speech on Three Levels},
  booktitle = {In Proceedings of 32nd International Conference on Acoustics, Speech,
	and Signal Processing (ICASSP)},
  year = {2007},
  pages = {1077-1080},
  month = {April},
  owner = {fabiola},
  timestamp = {2010.10.01}
}

@INPROCEEDINGS{Kazumi2010,
  author = {Kazumi, K. and Nankaku, Y. and Tokuda, K.},
  title = {Factor analyzed voice models for HMM-based speech synthesis},
  year = {2010},
  pages = {4234 -4237},
  month = {mar.},
  doi = {10.1109/ICASSP.2010.5495689},
  issn = {1520-6149},
  journal = {Acoustics Speech and Signal Processing (ICASSP), 2010 IEEE International
	Conference on},
  keywords = {HMM set interpolation;HMM-based speech synthesis;PCA;contextual decision
	tree;factor analyzed voice model;maximum likelihood estimation;principal
	component analysis;speaker-dependent HMM set;hidden Markov models;interpolation;maximum
	likelihood estimation;principal component analysis;speaker recognition;speech
	synthesis;}
}

@TECHREPORT{Khan2009,
  author = {Zahoor Ahmad Khan},
  title = {Reconstructing Personalised Voices for People with Speech Impairment},
  institution = {University of Sheffield},
  year = {2009},
  owner = {fabiola},
  timestamp = {2010.09.28}
}

@ARTICLE{Klatt1980,
  author = {D. Klatt},
  title = {Software for a cascade / parallel formant synthesizer},
  journal = {Journal of the Acoustical Society of America},
  year = {1980},
  volume = {67},
  pages = {971-95}
}

@ARTICLE{Klatt1990,
  author = {D. Klatt and L. Klatt},
  title = {Analysis, synthesis, and perception of voice quality variations among
	female and male speakers},
  journal = {Journal of the Acoustical Society of America},
  year = {1990},
  volume = {87},
  pages = {820-57}
}

@MISC{Kobayashi1999,
  author = {Takao Kobayashi and Keiichi Tokuda and Takashi Masuko and Takayoshi
	Yoshimura and Tadashi Kitamura and Keiichi Tokuda and Takashi Masuko
	and Takao Kobayashi and Tadashi Kitamura},
  title = {Simultaneous Modeling Of Spectrum, Pitch And Duration In HMM-Based
	Speech Synthesis},
  year = {1999}
}

@MISC{Kobayashi1999a,
  author = {Takao Kobayashi and Keiichi Tokuda and Takashi Masuko and Takayoshi
	Yoshimura and Tadashi Kitamura and Keiichi Tokuda and Takashi Masuko
	and Takao Kobayashi and Tadashi Kitamura},
  title = {Simultaneous Modeling Of Spectrum, Pitch And Duration In HMM-Based
	Speech Synthesis},
  year = {1999}
}

@INPROCEEDINGS{Lakkavalli2010,
  author = {Lakkavalli, V.R. and Arulmozhi, P. and Ramakrishnan, A.G.},
  title = {Continuity metric for unit selection based text-to-speech synthesis},
  year = {2010},
  pages = {1 -5},
  month = {jul.},
  doi = {10.1109/SPCOM.2010.5560495},
  journal = {Signal Processing and Communications (SPCOM), 2010 International
	Conference on},
  keywords = {MILE-TTS;TTS synthesis;Tamil language;UCM;mean-opinion-score;optimal
	unit selection;pause prediction;pitch continuity metric;rule based
	algorithm;spectral continuity metric;text-to-speech;unit continuity
	metric;natural languages;speech synthesis;}
}

@INPROCEEDINGS{Lalwani1991,
  author = {Lalwani, A.L. and Childers, D.G.},
  title = {A flexible formant synthesizer},
  booktitle = {Acoustics, Speech, and Signal Processing, 1991. ICASSP-91., 1991
	International Conference on},
  year = {1991},
  pages = {777 -780 vol.2},
  month = {apr},
  doi = {10.1109/ICASSP.1991.150454},
  issn = {1520-6149},
  keywords = {Klatt's formant synthesizer;discontinuous formant tracks;filter banks;flexible
	formant synthesizer;rule-based speech synthesis;software implementation;speech
	analysis-by-synthesis;unsmooth formant tracks;digital filters;speech
	synthesis;}
}

@MISC{Laprie2010,
  author = {Yves Laprie},
  title = {WinSnoori 1.34 - A Speech research tool},
  year = {2010},
  owner = {fabiola},
  timestamp = {2010.10.15},
  url = {http://www.loria.fr/~laprie/}
}

@ARTICLE{Laprie1999,
  author = {Yves Laprie},
  title = {Snoori, a Software for Speech Sciences},
  journal = {Workshop on Method and Tool Innovations for Speech Science Education
	(MATISSE)},
  year = {1999},
  month = {April},
  owner = {fabiola},
  timestamp = {2010.10.25}
}

@CONFERENCE{Laprie2002,
  author = {Yves Laprie and Anne Bonneau},
  title = {A Copy Synthesis Method to Pilot the Klatt Synthesiser},
  booktitle = {7th International Conference on Spoken Language Processing - ICSLP2002},
  year = {2002},
  month = {September},
  owner = {fabiola},
  timestamp = {2010.10.25}
}

@INPROCEEDINGS{Lee2010,
  author = {Chung-Han Lee and Chung-Hsien Wu and Jun-Cheng Guo},
  title = {Pronunciation variation generation for spontaneous speech synthesis
	using state-based voice transformation},
  year = {2010},
  pages = {4826 -4829},
  month = {mar.},
  doi = {10.1109/ICASSP.2010.5495140},
  issn = {1520-6149},
  journal = {Acoustics Speech and Signal Processing (ICASSP), 2010 IEEE International
	Conference on},
  keywords = {CART;classification and regression trees;hidden Markov models;pronunciation
	variation;pronunciation variation generation;spontaneous speech synthesis;state-based
	pronunciation variations;state-based voice transformation;hidden
	Markov models;regression analysis;speech synthesis;trees (mathematics);}
}

@MASTERSTHESIS{Leite2008,
  author = {Paula Leite},
  title = {Identificacão de Tipos de Culturas Agrícolas a partir de Sequências
	de Imagens Multitemporais Utilizando Modelos de Markov Ocutlos},
  school = {Pontifícia Universidade Católica do Rio de Janeiro},
  year = {2008},
  month = {Agosto}
}

@PHDTHESIS{Lemmetty1999,
  author = {Sami Lemmetty},
  title = {Review of Speech Synthesis Technology},
  school = {Department Electrical and Communication Engineering - Helsinki University
	of Technology},
  year = {1999},
  month = {March},
  owner = {fabiola},
  timestamp = {2010.10.17}
}

@ARTICLE{Ling2010,
  author = {Zhen-Hua Ling and Korin Richmond and Junichi Yamagishi},
  title = {An Analysis of HMM-based prediction of articulatory movements},
  journal = {Speech Communication},
  year = {2010},
  volume = {52},
  pages = {834 - 846},
  number = {10},
  doi = {DOI: 10.1016/j.specom.2010.06.006},
  issn = {0167-6393},
  keywords = {Hidden Markov model},
  url = {http://www.sciencedirect.com/science/article/B6V1C-50DW3MG-1/2/27703eac31a1b16e57b55937f629199a}
}

@INPROCEEDINGS{Ling2009,
  author = {Zhen-Hua Ling and Korin Richmond and Junichi Yamagishi and Ren-Hua
	Wang},
  title = {Integrating Articulatory Features Into HMM-Based Parametric Speech
	Synthesis},
  booktitle = {IEEE Transactions on Audio, Speech, and Language Processing},
  year = {2009},
  owner = {fabiola},
  timestamp = {2010.11.07}
}

@INPROCEEDINGS{Ling2008,
  author = {Zhen-Hua Ling and Ren-Hua Wang},
  title = {Minimum unit selection error training for HMM-based unit selection
	speech synthesis system},
  year = {2008},
  pages = {3949 -3952},
  month = {mar.},
  doi = {10.1109/ICASSP.2008.4518518},
  issn = {1520-6149},
  journal = {Acoustics, Speech and Signal Processing, 2008. ICASSP 2008. IEEE
	International Conference on},
  keywords = {HMM;baseline system;discriminative training;generalized probabilistic
	descent algorithm;maximum likelihood criterion;minimum unit selection
	error training;phone sequences;speech database;training sentences;unit
	selection speech synthesis system;hidden Markov models;maximum likelihood
	estimation;probability;speech synthesis;}
}

@INPROCEEDINGS{Ling2008a,
  author = {Zhen-Hua Ling and Wei Zhang and Ren-Hua Wang},
  title = {Cross-Stream Dependency Modeling for HMM-Based Speech Synthesis},
  year = {2008},
  pages = {1 -4},
  month = {dec.},
  doi = {10.1109/CHINSL.2008.ECP.13},
  journal = {Chinese Spoken Language Processing, 2008. ISCSLP '08. 6th International
	Symposium on},
  keywords = {cross-stream dependency;hidden Markov model;independent streams;model
	training;parametric speech synthesis system;piecewise linear transform;spectral
	parameter prediction;spectral parameters;hidden Markov models;piecewise
	linear techniques;speech synthesis;}
}

@ARTICLE{Ranieri2006,
  author = {Ranieri Maia and Keiichi Tokuda},
  title = {An HMM-Based Brazilian Portuguese Speech Synthesizer and Its Characteristics},
  journal = {Revista da Sociedade Brasileira de Telecomunicações},
  year = {2006},
  volume = {21},
  pages = {58-71},
  number = {2},
  month = {Agosto},
  owner = {fabiola},
  timestamp = {2010.09.28}
}

@ARTICLE{Martin1981,
  author = {Ph. Martin},
  title = {Extraction de la fréquence fondamentale par intercorrélation avec
	une fonction peigne},
  journal = {Actes des 12èmes Journées d'Etudes sur la Parole},
  year = {1981},
  pages = {223-232},
  owner = {fabiola},
  timestamp = {2010.10.25}
}

@ARTICLE{Metze2007,
  author = {Metze, Florian},
  title = {Discriminative speaker adaptation using articulatory features},
  journal = {Speech Commun.},
  year = {2007},
  volume = {49},
  pages = {348--360},
  number = {5},
  address = {Amsterdam, The Netherlands, The Netherlands},
  doi = {http://dx.doi.org/10.1016/j.specom.2007.02.009},
  issn = {0167-6393},
  publisher = {Elsevier Science Publishers B. V.}
}

@INPROCEEDINGS{Mizuno2009,
  author = {Mizuno, Hideyuki and Takahashi, Satoshi},
  title = {Unit selection using k-nearest neighbor search for concatenative
	speech synthesis},
  booktitle = {IUCS '09: Proceedings of the 3rd International Universal Communication
	Symposium},
  year = {2009},
  pages = {379--382},
  address = {New York, NY, USA},
  publisher = {ACM},
  doi = {http://doi.acm.org/10.1145/1667780.1667858},
  isbn = {978-1-60558-641-0},
  location = {Tokyo, Japan}
}

@MANUAL{Moreau2002,
  title = {HTK: Basic Tutorial},
  author = {Nicolas Moreau},
  edition = {Version 3.1},
  month = {February},
  year = {2002},
  url = {http://fliiby.com/file/269825/zxkixccizp.html}
}

@TECHREPORT{Murphy2002,
  author = {Kevin P. Murphy},
  title = {Hidden Semi-Markov Models (HSMMs)},
  institution = {Massachusetts Institute of Technology},
  year = {2002},
  month = {November},
  owner = {fabiola},
  timestamp = {2010.09.30}
}

@ARTICLE{Takashi2007,
  author = {Takashi Nose and Yoichi Kato and Takao Kobayashi},
  title = {A Speaker Adaptation Technique for MRHSMM-Based Style Control of
	Synthetic Speech},
  journal = {IEEE International Conference on Acoustics, Speech and Signal Processing2},
  year = {2007},
  pages = {IV-833 - IV-836},
  month = {April},
  owner = {fabiola},
  timestamp = {2010.10.05}
}

@INPROCEEDINGS{Nose2010,
  author = {Nose, Takashi and Ooki, Koujirou and Kobayashi, Takao},
  title = {HMM-based speech synthesis with unsupervised labeling of accentual
	context based on F0 quantization and average voice model},
  year = {2010},
  pages = {4622 -4625},
  month = {mar.},
  doi = {10.1109/ICASSP.2010.5495548},
  issn = {1520-6149},
  journal = {Acoustics Speech and Signal Processing (ICASSP), 2010 IEEE International
	Conference on}
}

@MASTERSTHESIS{Oliveira2008,
  author = {Tales Cesar de Oliveira Imbiriba},
  title = {Aprendizado Supervisionado e Algoritmos Genéticos para Obtenção dos
	Parâmetros do Sintetizador de Klatt},
  school = {Universidade Federal do Pará},
  year = {2008},
  owner = {fabiola},
  timestamp = {2010.10.03}
}

@TECHREPORT{Oliveira2007,
  author = {Luiz Oliveira},
  title = {Introdução aos Modelos Escondidos de Markov},
  institution = {Pontifícia Universidade Católica do Paraná},
  year = {2007}
}

@MISC{Pacheco1999,
  author = {Marco Aurélio Cavalcante Pacheco},
  title = {Algoritmos Genéticos: Princípios e Aplicações},
  howpublished = {Laboratório de Inteligência Computacional Aplicada (ICA) - Pontifícia
	Universidade Católica do Rio de Janeiro},
  month = {Julho},
  year = {1999J},
  owner = {fabiola},
  timestamp = {2010.10.26}
}

@INPROCEEDINGS{Paliwal1991,
  author = {K. Paliwal and B. Atal},
  title = {Efficient Vector Quantization of {LPC} Parameters at 24 bits/frame},
  booktitle = {ICASSP},
  year = {1991},
  pages = {661-4}
}

@ARTICLE{Petrushin2000,
  author = {Valery Petrushin},
  title = {Hidden Markov Models: Fundamentals and Applications},
  journal = {Online Symposium for Electronics Engineer},
  year = {2000}
}

@ARTICLE{Picone1990,
  author = {Joseph Picone},
  title = {Continuous Speech Recognition Using Markov Models},
  journal = {IEEE ASSP Magazine},
  year = {1990},
  pages = {26--41},
  month = {July}
}

@ARTICLE{Rabiner1989,
  author = {Lawrence Rabiner},
  title = {A Tutorial on Hidden Markov Models and Selected Applications in Speech
	Recognition},
  journal = {Proceedings of the IEEE},
  year = {1989},
  volume = {77},
  pages = {257--286},
  number = {2},
  month = {February},
  editor = {IEEE}
}

@MANUAL{Resch2001,
  title = {Hidden Markov Models - A Tutorial for the Course Computational Intelligence},
  author = {Barbara Resch},
  organization = {Tata Institute of Fundamental Research},
  year = {2001},
  url = {http://www.igi.tugraz.at/lehre/CI}
}

@ARTICLE{Rubin1981,
  author = {P. Rubin and T. Baer and P. Mermelstein},
  title = {An articulatory synthesizer for perceptual research},
  journal = {Journal of the Acoustical Society of America 70},
  year = {1981},
  volume = {2},
  pages = {321-328}
}

@PHDTHESIS{Selmini2008,
  author = {Antônio Marcos Selmini},
  title = {Sistema Baseado em Regras para o Refinamento da Segmentação Automática
	da Fala},
  school = {Universidade Estadual de Campinas},
  year = {2008},
  month = {Agosto},
  owner = {fabiola},
  timestamp = {2010.11.10}
}

@MISC{Gomes2007,
  author = {Alessandra da Silva Gomes},
  title = {Utiliza\c{c}\~{a}o de otimiza\c{c}\~{a}o por enxame de part\'{i}culas
	na s\'{i}ntese de {Klatt}. {Trabalho de TCC}. {Ciência da Computação}.
	{Universidade Federal do Pará}},
  year = {2007}
}

@PHDTHESIS{Simoes1999,
  author = {Flavio Olmos Simões},
  title = {Implementa\c{c}\~{a}o de um sistema de convers\~{a}o texto-fala para
	o portugu\^{e}s do {Brasil}},
  school = {Unicamp},
  year = {1999}
}

@MASTERSTHESIS{Soares1997,
  author = {Gustavo Luis Soares},
  title = {Algoritmos Genéticos: Estudos, Novas Técnicas e Aplicações},
  school = {Universidade Federal de Minhas Gerais},
  year = {1997},
  owner = {fabiola},
  timestamp = {2010.10.26}
}

@ARTICLE{Srinivas1994,
  author = {N. Srinivas and Kalyanmoy Deb},
  title = {Multiobjective Optimization Using Nondominated Sorting in Genetic
	Algorithms},
  journal = {Evolutionary Computation},
  year = {1994},
  volume = {2},
  pages = {221-248},
  number = {3},
  url = {citeseer.ist.psu.edu/srinivas94multiobjective.html}
}

@INPROCEEDINGS{Sun2009,
  author = {Jingwei Sun and Feng Ding and Yahui Wu},
  title = {A polynomial segment model based statistical parametric speech synthesis
	sytem},
  year = {2009},
  pages = {4021 -4024},
  month = {apr.},
  doi = {10.1109/ICASSP.2009.4960510},
  issn = {1520-6149},
  journal = {Acoustics, Speech and Signal Processing, 2009. ICASSP 2009. IEEE
	International Conference on},
  keywords = {Gaussian distribution;excitation parameter;polynomial segment model;spectral
	parameter;statistical parametric speech synthesis system;top-down
	K-means clustering technique;Gaussian distribution;polynomials;spectral
	analysis;speech synthesis;statistical analysis;}
}

@INPROCEEDINGS{Szklanny2008,
  author = {Szklanny, K. and Wojtowski, M.},
  title = {Automatic segmentation quality improvement for realization of unit
	selection speech synthesis},
  booktitle = {Proceedings in Conference on Human System Interactions},
  year = {2008},
  pages = {251 -256},
  month = {May},
  doi = {10.1109/HSI.2008.4581443},
  journal = {Human System Interactions, 2008 Conference on},
  keywords = {automatic segmentation quality improvement;natural sounding speech
	synthesis;unit selection speech synthesis;zero crossing process;speech
	synthesis;}
}

@INPROCEEDINGS{Tamura2010,
  author = {Tamura, Masatsune and Braunschweiler, Norbert and Kagoshima, Takehiko
	and Akamine, Masami},
  title = {Unit selection speech synthesis using multiple speech units at non-adjacent
	segments for prosody and waveform generation},
  year = {2010},
  pages = {4802 -4805},
  month = {mar.},
  doi = {10.1109/ICASSP.2010.5495151},
  issn = {1520-6149},
  journal = {Acoustics Speech and Signal Processing (ICASSP), 2010 IEEE International
	Conference on}
}

@BOOK{Tatham2005,
  title = {Developments in Speech Synthesis},
  publisher = {John Wiley \& Sons Ltd},
  year = {2005},
  author = {Mark Tatham and Katherine Morton}
}

@ARTICLE{Tomoki2007,
  author = {Tomoki Toda and Keiichi Tokuda},
  title = {A Speech Parameter Generation Algorithm Considering Global Variance
	for HMM-Based Speech Synthesis},
  journal = {IEICE - Transactions on Information and Systems},
  year = {2007},
  volume = {E90-D},
  pages = {816-824},
  owner = {fabiola},
  timestamp = {2010.10.12}
}

@BOOK{Tokuda2006,
  title = {An HMM-Based Approach to Flexible Speech Synthesis},
  publisher = {Springer Berlin},
  year = {2006},
  author = {Keiichi Tokuda},
  volume = {4274/2006},
  pages = {17},
  series = {Lecture Notes in Computer Science},
  month = {November},
  doi = {10.1007/11939993}
}

@ARTICLE{Keiichi2000,
  author = {Keiichi Tokuda and Takayoshi Yoshimura and Takashi Masuko and Takao
	Kobayashi and Tadashi Kitamura},
  title = {Speech Parameter Generation Algorithms for HMM-Based Speech Synthesis},
  journal = {Proceedings IEEE International Conference on Acoustics, Speech, and
	Signal Processing},
  year = {2000},
  volume = {3},
  pages = {1315-1318},
  month = {June},
  owner = {fabiola},
  timestamp = {2010.09.28}
}

@ARTICLE{Keiichi2002,
  author = {Keiichi Tokuda and Heiga Zen and Alan W. Black},
  title = {An HMM-Based Speech Synthesis System Applied to English},
  journal = {Proceedings of 2002 IEEE Workshop on Speech Synthesis},
  year = {2002},
  pages = {227-230},
  owner = {fabiola},
  timestamp = {2010.09.28}
}

@INPROCEEDINGS{Yamagishi2010,
  author = {Yamagishi, J. and King, S.},
  title = {Simple methods for improving speaker-similarity of HMM-based speech
	synthesis},
  year = {2010},
  pages = {4610 -4613},
  month = {mar.},
  doi = {10.1109/ICASSP.2010.5495562},
  issn = {1520-6149},
  journal = {Acoustics Speech and Signal Processing (ICASSP), 2010 IEEE International
	Conference on},
  keywords = {HMM;auditory frequency warping scale;feature extraction;generalized
	logarithmic transform;logarithmic scaling;speaker-similarity;speech
	recognition;speech synthesis;synthetic speech;waveform sampling rate;feature
	extraction;hidden Markov models;speech recognition;transforms;}
}

@ARTICLE{Junichi2005,
  author = {Junichi Yamagishi and Takao Kobayashi},
  title = {Adaptive Training for Hidden Semi-Markov Model},
  journal = {IEEE International Conference on Acoustics, Speech, and Signal Processing},
  year = {2005},
  volume = {1},
  pages = {365-368},
  month = {March},
  owner = {fabiola},
  timestamp = {2010.10.05}
}

@ARTICLE{Junichi2006,
  author = {Junichi Yamagishi and Katsumi Ogata and Yuji Nakano and Juri Isogai
	and Takao Kobayashi},
  title = {HSMM-Based Model Adaptation Algorithms for Average-Voice-Based Speech
	Synthesis},
  journal = {IEEE International Conference on Acoustics, Speech and Signal Processing},
  year = {2006},
  pages = {I-77-I-80},
  month = {May},
  owner = {fabiola},
  timestamp = {2010.10.05}
}

@ARTICLE{Sun2010,
  author = {Sun Ying and Xueying Zhang},
  title = {Realization of Improved HMM-based Speech Synthesis System},
  journal = {2010 International Symposium on Computer, Communication, Control
	and Automation},
  year = {2010},
  pages = {354-357},
  owner = {fabiola},
  timestamp = {2010.10.05}
}

@PHDTHESIS{Yoshimura2002,
  author = {Takayoshi Yoshimura},
  title = {Simultaneous Modeling of Phonetic and Prosodic Parameters, and Characteristic
	Conversion for HMM-Based Text-To-Speech Systems},
  school = {Nagoya Institute of Tecnology},
  year = {2002},
  month = {January},
  owner = {fabiola},
  timestamp = {2010.09.28}
}

@INPROCEEDINGS{Takayoshi1998,
  author = {Takayoshi Yoshimura and Keiichi Tokuda and Takashi Masuko and Takao
	Kobayashi and Tadashi Kitamura},
  title = {Duration Modeling for HMM-Based Speech Synthesis},
  booktitle = {5th International Conference on Spoken Language Processing.1},
  year = {1998},
  month = {December},
  owner = {fabiola},
  timestamp = {2010.10.01}
}

@BOOK{Young2005,
  title = {The HTK Book},
  publisher = {Cambridge University Engineering Department},
  year = {2005},
  author = {Steven Young},
  edition = {Version 3.3},
  month = {April},
  url = {http://htk.eng.cam.ac.uk/docs/docs.shtml}
}

@INPROCEEDINGS{Yu2010,
  author = {Yu, K. and Mairesse, F. and Young, S.},
  title = {Word-level emphasis modelling in HMM-based speech synthesis},
  year = {2010},
  pages = {4238 -4241},
  month = {mar.},
  doi = {10.1109/ICASSP.2010.5495690},
  issn = {1520-6149},
  journal = {Acoustics Speech and Signal Processing (ICASSP), 2010 IEEE International
	Conference on},
  keywords = {HMM-based speech synthesis;decision tree clustering;factorized decision
	tree;natural speech;word-level emphasis modelling;decision trees;hidden
	Markov models;pattern clustering;speech synthesis;word processing;}
}

@ARTICLE{Shun2010,
  author = {Shun-Zheng Yu},
  title = {Hidden semi-Markov models},
  journal = {Artificial Intelligence},
  year = {2010},
  volume = {174},
  pages = {215 - 243},
  number = {2},
  note = {Special Review Issue},
  doi = {DOI: 10.1016/j.artint.2009.11.011},
  issn = {0004-3702},
  keywords = {Hidden Markov model (HMM)},
  url = {http://www.sciencedirect.com/science/article/B6TYF-4XPYXKT-2/2/370572f5ec80e77a4556298473fd3c3d}
}

@ARTICLE{Heiga2007a,
  author = {Heiga Zen and Takashi Nose and Junichi Yamagish and Shinji Sako},
  title = {The HMM-Based Speech Synthesis System (HTS) Version 2.0},
  journal = {Sixth ISCA Workshop on Speech Synthesis},
  year = {2007},
  pages = {294-299},
  month = {August},
  owner = {fabiola},
  timestamp = {2010.10.05}
}

@ARTICLE{Heiga2007,
  author = {Heiga Zen and Keiichi Tokuda and Takashi Masuko and Takao Kobayashi
	and Tadashi Kitamura},
  title = {A Hidden Semi-Markov Model-based Speech Synthesis System},
  journal = {IEICE Trans. Inf. \& Syst},
  year = {2007},
  volume = {E90-D},
  pages = {825-834},
  number = {5M},
  month = {May},
  owner = {fabiola},
  timestamp = {2010.09.30}
}

@INPROCEEDINGS{Zen2004,
  author = {Heiga Zen and Keiichi Tokuda and Takashi Masuko and Takao Kobayashi
	and Tadashi Kitamura},
  title = {Hidden Semi-Markov Model Based Speech Synthesis},
  booktitle = {Proceedings of ICSLP, 2004},
  year = {2004}
}

@MISC{HTK,
  title = {http://htk.eng.cam.ac.uk/},
  year = {Visited on March, 2010.},
  owner = {fabiola},
  timestamp = {2010.11.09}
}

@MISC{Sens,
  title = {http://http://www.sens.com/},
  year = {Visited on March, 2010.},
  owner = {fabiola},
  timestamp = {2010.11.07}
}

@MISC{Procsy,
  title = {http://kiri.ling.cam.ac.uk/procsy},
  year = {Visited on June, 2011.},
  owner = {fabiola},
  timestamp = {2010.11.09}
}

@MISC{ESPS,
  title = {http://www.speech.kth.se/software/},
  year = {Visited on August, 2010.},
  owner = {fabiola},
  timestamp = {2010.10.24}
}

@MISC{HTS,
  title = {http://hts.sp.nitech.ac.jp/},
  year = {Visited on August, 2010.},
  owner = {fabiola},
  timestamp = {2010.11.09}
}

@MISC{Festival,
  title = {http://www.cstr.ed.ac.uk/projects/festival/},
  year = {Visited in August, 2010},
  owner = {fabiola},
  timestamp = {2010.11.02}
}

@comment{jabref-meta: selector\_journal:}

@comment{jabref-meta: selector\_publisher:}

@comment{jabref-meta: selector\_author:}

@comment{jabref-meta: selector\_keywords:}

