@phdthesis {,
   author = {},
   title = {},
   school = {},
   year = {} }

@techreport {,
   author = {},
   title = {},
   institution = {},
   year = {} }

@book {,
   author = {},
   title = {},
   publisher = {},
   year = {} }

@inbook {,
   author = {},
   title = {},
   publisher = {},
   address = {},
   year = {},
   type = {},
   chapter = {},
   editor = {} }

@misc{,
   author = {},
   title = {},
   text = {},
   year = {},
   url = {} }

@article {,
   author = {},
   title = {},
   journal = {},
   volume = {},
   month = {},
   pages = {},
   year = {} }

@inproceedings {,
   author = {},
   title = {},
   bookTitle = {},
   pages = {},
   year = {} }

@book {GonzalesWoods08,
   author = {Gonzalez, R. C. and Woods, R. E.},
   title = {Digital Image Processing},
   publisher = {Addison-Wesley Publishing Company},
   year = {2008}
}

@book {Burdick97,
   author = {Burdick, H. E.},
   title = {Digital Imaging: Theory and Applications},
   publisher = {McGraw-Hill},
   year = {1997}
}

@book {Parker97,
   author = {Parker, J. R. },
   title = {Algorithms for Image Processing and Computer Vision},
   publisher = {John Wiley \& Sons},
   year = {1997}
}

@inproceedings {Chapron92,
   author = {Chapron, M.},
   title = {A New Chromatic Edge Detector Used for Color Image Segmentation},
   bookTitle = {A IEEE International Conference on Image Processing}}
   pages = {311-314},
   year = {1992}
}

@inproceedings {Cheng00,
   author = {Cheng, H. D. and Sun, Y.},
   title = {A Hierarchical Approach to Color Image Segmentation Using Homogeneity},
   bookTitle = {IEEE Transactions on Image Processing},
   year = {2000}
}


@inproceedings {Guarnieri02,
   author = {Guarnieri,A. and Vettore, A.},
   title = {Automated Techniques for Satellite Image Segmentation},
   bookTitle = {Symposium on Geospatial Theory, Processing and Applications},
   year = {2002}
}

@inproceedings {Cheng02,
title = {Color image segmentation based on homogram thresholding and region merging},
author = {Cheng, H. D. and Jiang, X. H. and Wang, J.},
journal = {Pattern Recognition},
pages = {373 - 393},
year = {2002}
}


@inproceedings {Tseng92,
author={Tseng, D.-C. and Chang, C.-H.},
booktitle={11th IAPR International Conference on Pattern Recognition},
title={Color segmentation using perceptual attributes},
pages={228 -231},
year={1992}
}

@inproceedings {Tsang96,
author={Tsang, P.W.M. and Tsang, W.H.},
booktitle={IEEE International Conference on Image Processing},
title={Edge detection on object color},
pages={1049 -1052},
year={1996}
}

@inproceedings {Bhoyar10,
author={Bhoyar, K. and Kakde, O.},
booktitle={International Journal of Image Processing (IJIP)},
title={Color Image Segmentation Based on {JND} Color Histogram},
volume={3},
pages={282-293},
year={2010}
}

@inproceedings {Perez94,
author={Perez, F. and Koch, C.},
booktitle={International Journal of Computer Vision},
title={Toward color image segmentation in analog {VLSI}: algorithm and hardware},
pages={17 -42},
year={1994}
}

@inproceedings {Haihui10,
author={Haihui, W. and Yanli, W. and Tongzhou, Z. and Miao, W. and Mingpeng, W.},
title={Images Segmentation Method on Comparison of Feature Extraction Techniques},
booktitle={2nd International Workshop on Telecomunication},
pages={1-4},
year={2010}
}

@inproceedings {Chen09,
author={Chen, Y.-L. and Chen, T.-W. and Chien, S.-Y.},
booktitle={IEEE 13th International Symposium on Consumer Electronics},
title={Fast texture feature extraction method based on segmentation for image retrieval},
pages={941-942},
year={2009}
}

@inproceedings {Chen95,
author={Chen, Y. Q. and Nixon, M. S. and Thomas, D.W.},
booktitle={Pattern Recognition},
title={Texture classification using statistical geometrical features},
pages={537-552},
year={1995}
}

@book {Tso09,
   author = {Tso, B. and Mather, P.},
   title = {Classification methods for remotely sensed data},
   publisher = {CRC Press},
   year = {2009} }

@inproceedings {Cohen60,
   author = {Cohen, J.},
   title = {A coefficient of agreement for nominal scales},
   booktitle = {Education and Psycological Measurement},
   volume = {20(1)},
   pages = {37-47},
   year = {1960} }

@inproceedings {Pun10,
   author = {Pun, C.-M and Zhu, H.-M},
   title = {Image segmentation using Discrete Cosine Texture Feature},
   booktitle = {International Journal of Computers},
   volume = {4(1)},
   pages = {19-26},
   year = {2010} }

@inproceedings {Johansen07,
   author = {Johansen, K. and Coops, N. C. and Gergel, S. E. and Stange, Y.},
   title = {Application of high spatial resolution satellite imagery for riparian and forest ecosystem classification},
   booktitle = {Remote Sensing of Environment},
   volume = {110},
   pages = {29-44},
   year = {2007} }

@inproceedings {Lucas07,
   author = {Lucas, R. and Rowlands, A. and Brown, A. and Keyworth, S. and Bunting, P.},
   title = {Rule-based classification of multi-temporal satellite imagery for habitat and agricultural land cover mapping},
   booktitle = {ISPRS Journal of Photogrammetry and Remote Sensing},
   volume = {62},
   pages = {165-185},
   year = {2007} }

@inproceedings {Gamanya07,
   author = {Gamanya, R. and De Maeyer, P. and De Dapper, M.},
   title = {An automated satellite image classification design using object-oriented segmentation algorithms: A move towards standardization},
   booktitle = {Expert Systems with Applications},
   volume = {32},
   pages = {616-624},
   year = {2007} }

@inproceedings {Shih05,
  author = {Shih, F. Y. and Cheng, S.},
  title = {Automatic seeded region growing for color image segmentation},
  booktitle = {Image and Vision Computing},
  volume = {23},
  pages = {877-886},
  year = {2005}}

@inproceedings {Mohamed96,
  author={Mohamed, M. and Gader, P.},
  booktitle={Pattern Analysis and Machine Intelligence, IEEE Transactions on},
  title={Handwritten word recognition using segmentation-free {H}idden {M}arkov {M}odeling and segmentation-based dynamic programming techniques},
  volume={18},
  pages={548-554},
  year={1996}}

 @inproceedings {McInerney96,
   author = {McInerney, T. and Terzopoulos, D.},
   title = {Deformable Models in Medical Image Analysis: A Survey},
   booktitle = {Medical Image Analysis},
   volume = {1},
   pages = {91-108},
   year = {1996}}

 @inproceedings {Watson94,
   author = {Watson, A. B.},
   title = {Image compressing using the discrete cosine transform},
   booktitle = {Mathematica Journal},
   volume = {1},
   pages = {81-88},
   year = {1994}}

@misc {matlab,
   author = {MathWorks},
   title = {Image Processing Toolbox},
   year = {2010},
   url = {http://www.mathworks.com/help/toolbox/images/ref/ordfilt2.html},
   urlaccessdate = {17 de Novembro de 2010}
   }

 @inproceedings {spring,
   author = {Camara, G. and Souza, R. C. M. and Freitas, U. M. and Garrido, J. and Mitsuo Ii, F.},
   title = {{SPRING}: Integrating Remote Sensing And {GIS} By Object-Oriented Data Modelling},
   booktitle = {SPRING Programming Manual},
   volume = {S\~ao Jos\'e dos Campos, INPE},
   year = {1996}}

@phdthesis {DM_McGuinness09,
   author = {McGuinness, K.},
   title = {Image Segmentation, Evaluation, and Applications},
   school = {School of Electronic Engineering},
   year = {2009} }

@inproceedings {DM_Toneli09,
   author = {Toneli, C. A. Z. and Carvalho, L. M. T. and Junior, F. W. A.},
   title = {Utilização das imagens {L}andsat {TM} nas épocas de verão e inverno para classificação de diferentes formações vegetais},
   booktitle = {XIV Simpósio Brasileiro de Sensoriamento Remoto},
   pages = {3127-3134},
   year = {2009}}

@inproceedings {DM_Elmiro93,
   author = {M. A. T. Elmiro},
   title = {Técnicas digitais para produção de carta imagem},
   booktitle = {VII Simpósio Brasileiro de Sensoriamento Remoto},
   pages = {351-358},
   year = {1993}}

@inproceedings {DM_Criminisi04,
   author = {Criminisi, A. and Pérez, P. and Toyama, K.},
   title = {Region Filling and Object Removal by Exemplar-Based Image {I}npainting},
   booktitle = {IEEE Transactions On Image Processing},
   pages = {1200-1212},
   volume = {13(9)},
   year = {2004}}

@inproceedings {DM_Sapkal09,
   author = {Sapkal, A. T. and Bokhare, C. and Tarapore, N. Z.},
   title = {Satellite Image Classification using the {B}ack {P}ropagation Algorithm of {A}rtificial {N}eural {N}etwork},
   booktitle = {Geomatrix- Conference on Geospatial Technologies and Applications},
   year = {2009}}

@book {DM_Sabine07,
   author = {Sabine, F. and Freeman, W.H.},
   title = {Remote sensing, Principles and Interpretation},
   publisher = {Waveland Pr Inc; 3 edition},
   year = {2007} }

@inproceedings {DM_Akgun04,
   author = {Akgün, A. and Eronat, A.H. and Turk, N.},
   title = {Comparing Different Satellite Image Classification Methods: An Application In {A}yvalik District, {W}estern {T}urkey},
   booktitle = {XX International Congress for Photogrammetry and Remote Sensing, Proceedings},
   year = {2004}}

@inproceedings {DM_Yang04,
   author = {Yang, S. and Wang, J. and Chang, C.-I. and Jensen, J. L. and Jensen, J. O.},
   title = {Unsupervised image classification for remotely sensed imagery},
   booktitle = {Proceedings of the SPIE - Society of Photo-Optical Instrumentation Engineers},
   pages = {354-365},
   volume = {5546},
   year = {2004}}

@book {DM_Young98,
   author = {Young, I. T. and Gerbrands, J. J. and van Vliet, L. J.},
   title = {Fundamentals of Image Processing},
   publisher = {Delft University of Technology},
   year = {1998} }

@book {DM_Gonzalez09,
   author = {Gonzalez, R. C. and Woods, R. E. and Eddins, S. L.},
   title = {Digital Image Processing using Matlab},
   publisher = {Gatesmark Publishing.},
   year = {2009}
}

@misc {DM_Souto06,
   author = {Souto, R. P.},
   title = {Segmentação de imagem multiespectral utilizando-se o atributo matiz. Disponível em: www.obt.inpe.br/pgsere/Souto-R-P-2000/publicacao.pdf},
   year = {{A}cessado em: 20 de Janeiro de 2011},
   url = {{D}isponível em www.obt.inpe.br/pgsere/Souto-R-P-2000/publicacao.pdf},
   urlaccessdate = {20 de Janeiro de 2011}
   }

@book{DM_Richards01,
  title={Alien vision: exploring the electromagnetic spectrum with imaging technology},
  author={Richards, A.},
  url={http://books.google.com/books?id=dK-6_RN1r-wC},
  year={2001},
  publisher={SPIE Press}
}

@inproceedings {DM_Castro05,
   author = {Castro, R. M. and Moreira, R. C. and Espósito, E. S. C. and Lucca, E. V. D.},
   title = {Sensoriamento Remoto Como Ferramenta Para O Ensino De {F}ísica},
   booktitle = {XVI Simpósio Nacional de Ensino de Física},
   year = {2005}}

@book{DM_lillesand08,
  title={Remote sensing and image interpretation},
  author={Lillesand, T.M. and Kiefer, R.W. and Chipman, J.W.},
  year={2008},
  publisher={John Wiley \& Sons}
}

@techreport {DM_Peroni04,
   author = {Peroni, R.},
   title = {Princípios de Sensoriamento Remoto},
   institution = {Faculdade do Noroeste de Minas},
   year = {2004} }

@techreport {DM_Imagem11,
   author = {Imagem},
   title = {Conceitos de imagens de satélite e sensoriamento remoto},
   institution = {Imagem - Soluções de engenharia geográfica},
   year = {2011} }

@techreport {DM_Moreira03,
   author = {Moreira, M. A.},
   title = {Sensoriamento Remoto Aplicado a Estudos Ambientais},
   institution = {Instituto Nacional de Pesquisas Espaciais - INPE},
   year = {2003} }

@misc{DM_keiner04,
   author = {Keiner, L. E.},
   title = {Remote sensing figures. {D}isponível em: http://kingfish.coastal.edu/physics/lkeiner/},
   url = {{D}isponível em http://kingfish.coastal.edu/physics/lkeiner/},
   urlaccessdate = {25 de Janeiro de 2011},
   year = {{A}cessado em: 25 de Janeiro de 2011}}

@book{DM_Jensen06,
  title={Remote sensing of the environment: An {E}arth resource perspective},
  author={Jensen, J.R.},
  year={2006},
  publisher={Prentice Hall}
}

@techreport {DM_Amaral10,
   author = {Amaral, S. and Monteiro, A. M. V.},
   title = {Abordagens espaciais em estudos de população: métodos analíticos e Técnicas de representação},
   institution = {Instituto Nacional de Pesquisas Espaciais - INPE},
   year = {2010} }

@book{DM_Warner09,
  title={The {SAGE} handbook of remote sensing},
  author={Warner,T. A. and Foody, G. M. and Nellis, M. D.},
  year={2009},
  publisher={SAGE Publications Ltd.}
}

@techreport {DM_Spring06,
   author = {DPI/INPE},
   title = {{SPRING}: Tutorial de geoprocessamento},
   booktitle = {SPRING Programming Manual},
   institution = {INPE - Instituto Nacional de Pesquisas Espaciais},
   year = {2006}}

@book{DM_Kramer02,
  title={Observation of the earth and its environment: survey of missions and sensors},
  author={Kramer, H. J.},
  year={2002},
  publisher={Springer}
}

@mastersthesis {DM_Latorre98,
   author = {Latorre, M. L.},
   title = {Utilização de um método de correção atmosférica para o processamento de dados hiperespectrais do sensor {AVIRIS} em regiões tropicais},
   school = {INPE - Instituto Nacional de Pesquisasa Espaciais},
   year = {1998} }

@misc{DM_Euro,
   author = {EURIMAGE},
   title = {EURIMAGE - Multimission Satellite Data. {D}isponível em: http://www.eurimage.com},
   url = {http://www.eurimage.com},
   urlaccessdate = {03 de fevereiro de 2011},
   year = {Acessado em: 03 de fevereiro de 2011}}

@book{DM_Gao09,
  title={Digital Analysis of Remotely Sensed Imagery},
  author={Gao, J.},
  year={2009},
  publisher={McGraw Hill}}

@book{DM_Varshney04,
  title={Advanced image processing techniques for remotely sensed hyperspectral data},
  author={Varshney, P.K. and Arora, M.K.},
   year={2004},
  publisher={Springer}}


@book{DM_Richards06,
  title={Remote sensing digital image analysis: an introduction},
  author={Richards, J.A. and Jia, X.},
  year={2006},
  publisher={Springer}
}

@book{DM_Mather04,
  title={Computer processing of remotely sensed images: an introduction},
  author={Mather, P.M.},
  year={2004},
  publisher={John Wiley \& Sons}
}

@mastersthesis {DM_Kawishwar07,
   author = {Kawishwar, P.},
   title = {Atmospheric Correction Models for Retrievals of Calibrated Spectral Profiles from {H}yperion {EO}-1 Data},
   school = {International Institute for Geo-information Science and Earth Observation},
   year = {2007} }


@article {DM_Fan10,
   author = {W.L., Fan and H.Q., Du and G.M., Zhou and X.J., Xu and R.R., Cui and D.J., Dong},
   title = {Effects of atmospheric calibration on remote sensing estimation of {M}oso bamboo forest biomass},
   journal = {The journal of applied ecology},
   volume = {21(1)},
   pages = {1-8},
   year = {2010} }

@article {DM_Song01,
   author = {Song, C. and Woodcock, C. E. and Seto, K. C. and Pax-Lenney, M. and Macomber, S. A.},
   title = {Classification and change detection using {L}andsat {TM} data: When and how to correct atmospheric effects},
   journal = {Remote Sensing of Environment},
   volume = {75},
   pages = {230-244},
   year = {2001} }

@article {DM_Norjamaki07,
   author = {Norjämaki, I. and Tokola, T.},
   title = {Comparison of Atmospheric Correction Methods in Mapping Timber Volume with Multitemporal {L}andsat Images in {K}ainuu, {F}inland},
   journal = {Photogrammetric Engineering \& Remote Sensing},
   volume = {73},
   pages = {155-163},
   year = {2007} }

@inproceedings{DM_Zhang10,
    author={Zhang, X. and Qin, F. and Qin, Y.},
    booktitle={International Conference on Multimedia Technology (ICMT)},
    title={Study on the Thick Cloud Removal Method Based on Multi-Temporal Remote Sensing Images},
    year={2010},
    pages={1-3},
}

@article{DM_Maalouf09,
        author = {Maalouf, A. and Carre, P. and Augereau, B. and Fernandez Maloigne, C.},
        title = {A Bandelet-Based {I}npainting Technique for Clouds Removal From Remotely Sensed Images},
        journal = {IEEE Transactions On Geoscience and Remote Sensing},
        volume = {47},
        year = {2009},
        number = {7},
        pages = {2363-2371}}

@article{DM_Hoan08,
    author = {Hoan, N. T. and Tateishi, R.},
    title = {Cloud Removal Of Optical Image Using {SAR} Data For {ALOS} Applications. {E}xperimenting On Simulated {ALOS} Data},
    journal = {The International Archives of the Photogrammetry, Remote Sensing and Spatial Information Sciences},
    year = {2008}
}

@inproceedings{DM_Feng10,
author={Feng, J. and Bai, L. and Tang, H. and Liu, S. and Zhou, Q. and Liu, J.},
booktitle={IEEE International Geoscience and Remote Sensing Symposium (IGARSS)},
title={A new context-based procedure for the detection and removal of cloud shadow from moderate-and-high resolution satellite data over land},
year={2010},
pages={1718-1721},
}

@article{DM_Hau08,
    author = {Hau, C. Y. and Liu, C. H. and Chou, T. Y. and Yang, L. S.},
    title = {The Efficacy Of Semi-Automatic Classification Result By Using Different Cloud Detection And Diminution Method},
    journal = {The International Archives of the Photogrammetry, Remote Sensing and Spatial Information Sciences},
    year = {2008}
}


@book{DM_Jayaraman09,
  title={Digital Image Processing},
  author={Jayaraman, S. and Esakkirajan, S. and Veerakumar, T.},
  year={2009},
  publisher={McGraw-Hill Education (India) Pvt Ltd}
}

@book{DM_Loizou08,
  title={Despeckle Filtering Algorithms and Software for Ultrasound Imaging},
  author={Loizou, C. and Pattichis, C.S. and Pattichis, C.},
  series={Synthesis lectures on algorithms and software in engineering},
   year={2008},
  publisher={Morgan \& Claypool}
}

@article{DM_Cheng01,
author = {Cheng, H.D. and Jiang, X.H. and Sun, Y. and Wang, J.},
title = {Color image segmentation: advances and prospects},
journal = {Pattern Recognition},
volume = {34},
number = {12},
pages = {2259-2281},
year = {2001}}

@inproceedings{DM_Unnikrishnan05,
 author = {Unnikrishnan, R. and Hebert, M.},
 title = {Measures of Similarity},
 booktitle = {Proceedings of the Seventh IEEE Workshops on Application of Computer Vision},
 Volume = {01},
 year = {2005},
  publisher = {IEEE Computer Society},
}

@inproceedings{DM_Unnikrishnan05b,
author={Unnikrishnan, R. and Pantofaru, C. and Hebert, M.},
booktitle={IEEE Computer Society Conference on Computer Vision and Pattern Recognition. CVPR Workshops.},
title={A Measure for Objective Evaluation of Image Segmentation Algorithms},
year={2005},
month={June}
}

@inproceedings{DM_Bhoyar10,
author={Bhoyar, K. and Kakde, O.},
booktitle={Electronic Letters on Computer Vision and Image Analysis},
title={Colour Image Segmentation using Fast {F}uzzy {C}-Means Algorithm},
year={2010},
month={June},
volume = {1},
pages = {18-31}
}

@inproceedings{DM_Silva97,
author={Silva, L. and Weingaertner, D. and Bellon, O. R. P.},
booktitle={Brazilian Symposium on Computer Graphics and Image Processing},
title={Estudo sobre deteção de bordas em imagens de profundidade},
year={1997}}

@inproceedings{DM_Sezgin04,
   author = {Sezgin, M. and Sankur, B.},
   title = {Survey over image thresholding techniques and quantitative performance evaluation},
   bookTitle = {Journal of Electronic Imaging},
   volume = {13(1)},
   pages = {146-165},
   year = {2004}}

@misc{DM_Mansor04,
   author = {Mansor, S. and Chuang, T. C. and Shariff, A. R. M. and Ahmad, N.},
   title = {Multi-Threshold Technique for Segmentation of Satellite Imagery for Feature Extraction },
   url = {http://www.gisdevelopment.net/technology/ip/techip008pf.htm},
   urlaccessdate = {15 de fevereiro de 2011},
   year = {Acessado em: 15 de fevereiro de 2011}}

@book{DM_Rokach10,
  title={Pattern classification using ensemble methods},
  author={Rokach, L.},
    series={Series in machine perception and artificial intelligence},
   year={2010},
  publisher={World Scientific}
}

@inproceedings {DM_Santos03,
author = {Santos, R. L. and Ohata, A. T. and Crusco, N. and Quintanilha, J. A.},
title = {A teoria da incerteza aplicada a classificação de imagens de satélites},
booktitle = {Congresso Brasileiro de Cartografia},
year = {2003}}

@article {DM_Prado09,
author = {Prado, F. A. and Galo, M. L. B. T.},
title = {Classificação De Imagens Multiespectrais Baseada Em Abordagem {F}uzzy},
journal = {Revista Brasileira de Cartografia},
year = {2009}}

@article{DM_Samaniego09,
author = {Samaniego, L. and Schulz, K.},
title = {Supervised Classification of Agricultural Land Cover Using a Modified {k-NN} Technique ({MNN}) and {L}andsat Remote Sensing Imagery},
journal = {Remote Sensing},
volume = {1},
year = {2009},
number = {4},
pages = {875--895}}

@inproceedings {DM_Yang11,
author = {Yang, Y. F. and Lohmann, P. and Heipke, C.},
title = {Genetic Algorithms For The Unsupervised Classification Of Satellite Images},
booktitle = {ISPRS - International Archives of the Photogrammetry, Remote Sensing and Spatial Information Sciences},
year = {2011}}

@inproceedings{DM_Mukhopadhyay08,
author={Mukhopadhyay, A. and Bandyopadhyay, S. and Maulik, U.},
booktitle={IEEE Congress on Evolutionary Computation},
title={Combining multiobjective {F}uzzy clustering and probabilistic {ANN} classifier for unsupervised pattern classification: Application to satellite image segmentation},
year={2008},
pages={877-883}}

@article{DM_Mukhopadhyay09,
author={Mukhopadhyay, A. and Maulik, U.},
journal={IEEE Transactions on Geoscience and Remote Sensing},
title={Unsupervised Pixel Classification in Satellite Imagery Using Multiobjective {F}uzzy Clustering Combined With {SVM} Classifier},
year={2009},
volume={47},
number={4},
pages={1132-1138}}

@inproceedings{DM_Kekre09,
author={Kekre, H. B. and Gharge, S.},
booktitle={Communication and Control International Conference on Advances in Computing},
title={{SAR} Image Segmentation using co-occurrence matrix and slope magnitude},
year={2009},
pages={368-372}}

@inproceedings{DM_Lucca98,
author={Lucca, E. V. D. and Freitas, C. C. and Frery, A. C. and Sant'Anna, S. J. S.},
booktitle={Anais IX Simpósio Brasileiro de Sensoriamento Remoto},
title={Comparison Of {SAR} Segmentation Algorithms},
year={1998},
pages={1097-1108}}

@inproceedings{DM_Neta10,
author={Neta, S. R. A. and Freitas, C. C. and Dutra, L. V.},
booktitle={Revista Brasileira de Cartografia},
title={Uso De Imagens {ALOS/PALSAR} Multipolarizadas Para Detecção De Incremento De Desflorestamento Na {A}mazônia},
year={2010},
pages={417-431}}

@inproceedings{DM_Delac06,
author={Delac, K. and Grgic, M. and Kos, T.},
booktitle={International Conference on Systems, Signals and Image Processing},
title={Sub-Image {H}omomorphic filtering technique for improving facial identification under dificult illumination conditions},
year={2006},
pages={95-98}}

@book{DM_Marques99,
   Author = {Marques, O. and Vieira, H.},
   Title = {Processamento Digital de Imagens},
   Publisher = {BRASPORT},
   Year = {1999} }

@inproceedings{DM_Kekre09b,
author={Kekre, H. B. and Athawale, A. and Halarnkar, P. N.},
booktitle={2nd International Conference on Advances in Computer Vision and Information Technology},
title={High Payload using {H}igh {B}oost Filtering in {K}ekre's {M}ultiple {LSB}'s Algorithm},
year={2009}}

@inproceedings{DM_Liu10,
author={Liu, H. and Wang, W. and Bi, X.},
booktitle={Proceedings of The International MultiConference of Engineers and Computer Scientists},
title={Study Of Image {I}npainting Based On Learning},
year={2010},
pages={1442-1445}}

@inproceedings{DM_Bertalmio00,
    author = {Bertalmio, M. and Sapiro, G. and Caselles, V. and Ballester, C.},
    title = {Image Inpainting},
    booktitle = {Proceedings of the 27th annual conference on Computer graphics and interactive techniques},
    pages = {417-424},
    year = {2000}
}

@article {Htwe10,
   author = {Htwe, A. N.},
   title = {Image Interpolation framework using non-adaptive approach and NL means},
   journal = {International Journal of Network and Mobile Technologies},
   volume = {1},
   year = {2010} }

@article {DM_Hale09,
   author = {Hale, D.},
   title = {Image-guided blended neighbor interpolation of scattered data},
   journal = {79th Annual International Meeting, Society of Exploration Geophysicists},
   volume = {28},
   pages = {1127-1131},
   year = {2009} }

@article {DM_Greenspan00,
   author = {Greenspan, H. and Anderson, C. H. and Akber, S.},
   title = {Image enhancement by nonlinear extrapolation in frequency space},
   journal = {IEEE Transactions on Image Processing},
   volume = {9},
   pages = {1035-1048},
   year = {2000} }

@article {DM_Burt83,
   author = {Burt, P. J. and Adelson, E. H.},
   title = {The Laplacian Pyramid as a Compact Image Code},
   journal = {IEEE Transactions On Communications},
   volume = {COM-3l},
   pages = {1035-1048},
   year = {1983} }

@article {DM_Pun09,
   author = {Pun,C.-M. and Zhu, H.-M.},
   title = {Textural Image Segmentation Using {D}iscrete {C}osine {T}ransform},
   journal = {International Conference On Communications And Information Technology},
   pages = {54-58},
   year = {2009} }

@article {DM_Singh05,
   author = {Singh, P. K.},
   title = {Unsupervised Segmentation of Medical Images using {DCT} Coefficients},
   journal = {Proceedings of the Pan-Sydney area workshop on Visual information processing },
   pages = {75-81},
   year = {2005} }

@article{DM_Wei02,
 author = {Wei, J.},
 title = {Image segmentation based on situational {DCT} descriptors},
 journal = {Pattern Recognition Letters},
 volume = {23},
 year = {2002},
 pages = {295-302}}

 @techreport {DM_Mangabeira03,
   author = {Mangabeira, J. A. C. and Azevedo, E. C. and Lamparelli, R. A. C.},
   title = {Avaliação Do Levantamento Do Uso Das Terras Por Imagens De Satélite De Alta E Média Resolução Espacial},
   institution = {{E}mpresa {B}rasileira de {P}esquisa {A}gropecuária - {E}mbrapa},
   year = {2003} }

@book{DM_Sal09,
  title={Handbook Of Data Compression},
  author={Salomon, D. and Motta, G.},
  year={2009},
  publisher={Springer}
}


@article{DM_Bhanu00,
 author = {Bhanu, B. and Peng, J.},
 title = {Adaptive Integrated Image Segmentation and Object Recognition},
 journal = {IEEE Transactions on Systems, Man, and Cybernetics - Part C: Applications and reviews},
 volume = {30(4)},
 year = {2000},
 pages = {427-441}}


 @inproceedings {DM_Spring09,
   author = {Lopes, E. S. S. and Ferreira, H. S.},
   title = {Tutorial {SPRING} 5.1},
   booktitle = {Instituto Nacional de Pesquisas Espaciais},
   volume = {S\~ao Jos\'e dos Campos, INPE},
   year = {2009}}

@book{DM_Russ07,
  title={{The image processing handbook}},
  author={Russ, J.C.},
  series={Image Processing Handbook Series},
  year={2007},
  publisher={CRC/Taylor and Francis}
}

@misc{DM_Piramide11,
   author = {Astrophysics Research Centre},
   title = {Object Programming - Working with Image Objects},
   url = {http://star.pst.qub.ac.uk/idl/Image\_Tiling.html},
   urlaccessdate = {15 de fevereiro de 2011},
   year = {Acessado em: 15 de fevereiro de 2011}}

