@phdthesis {,
   author = {},
   title = {},
   school = {},
   year = {} }

@techreport {,
   author = {},
   title = {},
   institution = {},
   year = {} }

@inbook {,
   author = {},
   title = {},
   publisher = {},
   address = {},
   year = {},
   type = {},
   chapter = {},
   editor = {} }

@misc{,
   author = {},
   title = {},
   text = {},
   year = {},
   url = {} }

@book {,
   author = {},
   title = {},
   publisher = {},
   year = {} }

@article {,
   author = {},
   title = {},
   journal = {},
   volume = {},
   pages = {},
   year = {} }

@inproceedings {,
   author = {},
   title = {},
   bookTitle = {},
   pages = {},
   year = {} }
