

%%%%%%%%%%%%%%%%%% TEMPLATES %%%%%%%%%%%%%%%%%%%%%%%

@phdthesis {,
   author = {},
   title = {},
   school = {},
   year = {} }

@TECHREPORT{,
   author = {},
   title = {},
   year = {},
   institution = {},
   }

@INBOOK{,
   author = {},
   title = {},
   publisher = {},
   address = {},
   year = {},
   type = {},
   chapter = {},
   editor = {} }

@MISC{,
   author = {},
   title = {},
   year = {},
   howpublished = {},
   url = {} }

@BOOK{,
   author = {},
   title = {},
   publisher = {},
   year = {} }

@ARTICLE{,
   author = {},
   title = {},
   journal = {},
   volume = {},
   pages = {},
   year = {} }

@UNPUBLISHED{,
   author = {},
   title = {},
   note = {},
   month = {},
   year = {},
   url = {},
   }
   
   
%---------------------------------------------------------------------------------------------%


   
														%%%%%%%%% Letter "A" %%%%%%%%%%%%

@ARTICLE{addison02,
  author = "P.~S.~Addison and J.~N.~Watson and T.~Feng",
  title = "Low-Oscillation Complex Wavelets",
  journal = "Journal of Sound and Vibration",
  volume = {254},
  number = {4},
  pages = "733-762",
  month = apr,
  year = {2002},
  }

@MISC{AdslMeas,
    howpublished = {Agilent Technologies},
    title = {{ADSL} Copper Loop Measurements},
    year = {2000},
    month = nov,
    url ={}, 
}
   
@PHDTHESIS{Aldana02,
   author = {Aldana,C. H.},
   title = {Interference Estimation in Multicarrier Systems},
   school = {Stanford University},
   year = {2002},
   }

@ARTICLE{Aldana03,
  title = {Channel estimation for multicarrier multiple input single output systems using the {EM} algorithm},
  author = {Aldana, C. H. and de Carvalho, E. and Cioffi, J. M.},
  journal = {{IEEE} Transactions on Signal Processing},
  year = {2003},
  volume = {51},
  number = {12},
  pages = {3280--3292},
  month = dec,
  doi = {10.1109/TSP.2003.819082},
  ISSN = {1053-587X},
}

@MISC{Anatel94,
   howpublished = {Ag\^encia Nacional de Telecomunica\c c\~oes},
   title = {Norma de execu\c c\~ao do servi\c co de radioamador ({N}orma {N}$^{o}$ 31/94)},
   year = {1994},
   month = dec,
   url = {http://www.anatel.gov.br/Portal/exibirPortalRedireciona.do?caminhoRel=Cidadao-Biblioteca-Acervo\%20Documental&codigoDocumento=10244},
}
   
											%%%%%%%%% Letter "B" %%%%%%%%%%%%

@MISC{Banwell01,
  author = {Banwell, T. and Galli, S.},
  title = {\textit{On the Symmetry of the Power Line Channel}},
  howpublished = {{IEEE} International Symposium on Power Line Communications and its Applications,
    ISPLC'01, Malmo, Sweden},
  year = {2001},
  month = apr,
  url = {citeseer.ist.psu.edu/banwell01symmetry.html},
}

@ARTICLE{Banwell05,
  title = {A novel approach to the modeling of the indoor power line channel part I: circuit analysis and companion model},
  author = {Banwell, T. and Galli, S.},
  journal = {{IEEE} Transactions on Power Delivery},
  year = {2005},
  volume = {20},
  number = {2},
  pages = {655--663},
  month = apr,
  doi = {10.1109/TPWRD.2005.844326},
}

@TECHREPORT{Backstig01,
   author = {Anders Backstig},
   title = {ADSL Toolbox for MATLAB},
   institution = {ALinkï¿½ing University and Ericsson Microelectronics AB},
   year = {2001} 
   }

@MISC{Bogaert04c,
   author = {Bogaert, E. Van and Cendrillon, R. and Bostoen, T. and Verlinden, J. and Moonen, M.},
   title = {{ADSL} transceivers applying {DSM} and their non-stationary noise robustness},
   text = {Technology White Paper -- Alcatel},
   year = {2004},
   url = {}
   }

@MISC{Bogaert04a,
   author = "E. Van Bogaert and T. Bostoen and J. Verlinden and R. Suciu",
   title = "Dynamic Spectrum Management in Practice",
   text = "Technology White Paper -- Alcatel",
   year = {2004},
   url = {},
   }

@INPROCEEDINGS{Bogaert04b,
  title = {{DSM} in practice: iterative water-filling implemented on {ADSL} modems},
  author = {Van den Bogaert, E. and Bostoen, T. and Van Elsen, J. and Cendrillon, R. and Moonen, M.},
  booktitle = {Acoustics, Speech, and Signal Processing, 2004. Proceedings. ({ICASSP} '04). {IEEE} International Conference on},
  year = {2004},
  volume = {5},
  pages = {337--40},
  month = may,
  doi = {10.1109/ICASSP.2004.1327116},
  ISSN = {1520-6149},
}

@inproceedings{Bogaert06a,
   author = "E. Van den Bogaert and T. Bostoen and R. Cendrillon and M. Moonen",
   title = "ADSL transceivers applying DSM and their non-stationary noise robustness",
   bookTitle = "EURASIP Journal on Applied Signal Processing",
   pages = {1-8},
   year = {2006}
   }

@article{Brady06a,
   author = "Mark H. Brady and J. M. Cioffi",
   title = "The Worst-Case Interference in DSL Systems Employing Dynamic Spectrum Management",
   journal = "EURASIP Journal on Applied Signal Processing",
   pages = {1-11},
   year = {2006}
   }

@INPROCEEDINGS{Boets92,
  title = {The modelling aspect of transmission line networks},
  author = {Boets, P. and Biesen, L. V.},
  booktitle = {Proceedings of the 9th {IEEE} Instrumentation and Measurement Technology Conference. {IMTC} '92.},
  year = {1992},
  pages = {137--141},
  month = may,
  doi = {10.1109/IMTC.1992.245162},
}

@INPROCEEDINGS{Boets94,
  title = {Non-parametric calibration of a time domain reflectometer},
  author = {Boets, P. and van Biesen, L.},
  booktitle = {Proceedings of the 10th {IEEE} Instrumentation and Measurement Technology Conference. {IMTC} '94.},
  year = {1994},
  pages = {114--117},
  month = may,
  doi = {10.1109/IMTC.1994.352113},
}

@PHDTHESIS{Boets97,
   author = {Boets, Patrick},
   title = {Frequency Domain Identification of Transmission Lines from Time Domain Measurements},
   school = {Vrue Universiteit Brussel},
   year = {1997} 
}	

@INPROCEEDINGS{Boets01,
  title = {On the identification of cables for metallic access networks},
  author = {Boets, P. and Zekri, M. and Van Biesen, L. and Bostoen, T. and Pollet, T.},
  booktitle = {Proceedings of the 18th {IEEE} Instrumentation and Measurement Technology Conference. {IMTC} '01.},
  year = {2001},
  volume = {2},
  pages = {1348--1353},
  month = may,
  doi = {10.1109/IMTC.2001.928292},
}   

@INPROCEEDINGS{Boets02,
  title = {Calibration of a metallic access network analyzer},
  author = {Boets, P. and Van Biesen, L. and Temmerman, S.},
  booktitle = {Proceedings of the 19th {IEEE} Instrumentation and Measurement Technology Conference. {IMTC} '02.},
  year = {2002},
  volume = {2},
  pages = {1151--1155},
  month = may,
  doi = {10.1109/IMTC.2002.1007119},
}

@INPROCEEDINGS{Boets03,
  title = {Measurement, calibration and pre-processing of signals for single-ended subscriber line identification},
  author = {Boets, P. and Bostoen, T. and Van Biesen, L. and Pollet, T.},
  booktitle = {Proceedings of the 20th {IEEE} Instrumentation and Measurement Technology Conference. {IMTC} '03.},
  year = {2003},
  volume = {1},
  pages = {338--343},
  month = may,
}

@ARTICLE{Boets06a,
  author = {Boets, P. and Van Biesen, L. },
  title = {Metallic 2-Wire Parametric Line Models -- a Survey},
  journal = {XVIII Imeko World Congress},
  volume = {},
  pages = {},
  year = {2006} 
}

@ARTICLE{Boets06b,
  title = {Preprocessing of Signals for Single-Ended Subscriber Line Testing},
  author = {Boets, P. and Bostoen, T. and Van Biesen, L. and Pollet, T.},
  journal = {{IEEE} Transactions on Instrumentation and Measurement},
  year = {2006},
  volume = {55},
  number = {5},
  pages = {1509--1518},
  month = oct,
  doi = {10.1109/TIM.2006.880290},
}

@ARTICLE{Bostoen02,
  title = {Estimation of the transfer function of a subscriber loop by means of a one-port scattering parameter measurement at the central office},
  author = {Bostoen, T. and Boets, P. and Zekri, M. and Van Biesen, L. and Pollet, T. and Rabijns, D.},
  journal = {{IEEE} Journal on Selected Areas in Communications},
  year = {2002},
  volume = {20},
  number = {5},
  pages = {936--948},
  month = jun,
  doi = {10.1109/JSAC.2002.1007376},
  ISSN = {0733-8716},
}

@BOOK{Bingham00,
  author = {Bingham, John A.},
  title = {ADSL, VDSL, and Multicarrier Modulation: Wiley Series in Telecommunications and Signal Processing},
  year = {2000},
  isbn = {0471290998},
  publisher = {John Wiley \& Sons, Inc.},
  address = {New York, NY, USA},
 }
  
 
									%%%%%%%%% Letter "C" %%%%%%%%%%%%
									
@ARTICLE{Cook83,
  title = {An introduction to spread spectrum},
  author = {Cook, C. and Marsh, H.},
  journal = {{IEEE} Communications Magazine},
  year = {1983},
  volume = {21},
  number = {2},
  pages = {8--16},
  month = mar,
  ISSN = {0163-6804},
}

@INPROCEEDINGS{Campello99,
  title = {Practical bit loading for {DMT}},
  author = {Campello, J.},
  booktitle = {{IEEE} International Conference on Communications. {ICC} '99},
  year = {1999},
  volume = {2},
  pages = {801--805},
  address = {Vancouver, BC},
  month = jun,
  doi = {10.1109/ICC.1999.765384},
}

@PHDTHESIS{Campello99b,
   author = {Campello, Jorge},
   title = {Discrete Bitloading for Multicarrier Modulation System},
   school = {},
   year = {1999} 
}

@MISC{Cendrillon03,
  author = {Cendrillon, R. and Moonen, M. and Yu, W. and Verlinden, J. and Bostoen, T.},
  title = {On the Optimality of Iterative Waterfilling},
  text = {T1E1.4/2003-325, San Diego, California, USA},
  year = {2003},
}

@PHDTHESIS{Cendrillon04a,
   author = {Cendrillon, R.},
   title = {Multi-user Signal and Spectra Co-Ordination for Digital Subscriber Lines},
   school = {Katholieke Universiteit Leuven},
   month = dec,
   year = {2004},
}

@article{Cendrillon04b,
   author = {Raphael Cendrillon and Marc Moonen and Jan Verliden and Tom Bostoen and Wei Yu},
   title = {Optimal Multi-user Spectrum Management for Digital Subscriber Lines},
   journal = {IEEE International Conference on Communications (ICC)},
   volume = {1},
   pages = {1-5},
   year = {2004},
   }

@misc{Cendrillon04c,
  author = "R. Cendrillon and M. Moonen and W. Yu and J. Verlinden and T. Bostoen",
  title = "Optimal Spectrum Management",
  text = {T1E1.4/2004-459, Charlotte, North Carolina, USA. May 24-27},
  year = {2004},
  }

@misc{Cendrillon04d,
  author = "R. Cendrillon and M. Moonen and W. Yu and J. Verlinden and T. Bostoen",
  title = "Proof of the Optimality of Optimal Spectrum Management",
  text = {ANSI T1E1.4 Working Group - DSL Access- Meeting, contrib. 2004-460, North Carolina},
  month = may,
  year = {2004},
  }

@inproceedings{Cendrillon05,
   author = "R. Cendrillon and M. Moonen",
   title = "Iterative Spectrum Balancing for Digital Subscriber lines",
   bookTitle = "IEEE International Communications Conference (ICC)",
   pages = {},
   city = {Seoul},
   month = may,
   year = {2005},
   }

@inproceedings{Cendrillon06a,
   author = "Jianwei Huang and Raphael Cendrillon and Mung Chiang",
   title = "Autonomous Spectrum Balancing (\textsc{ASB}) for Frequency Selective Interference Channels",
   bookTitle = "To appear in IEEE International Symposium on Information Theory (ISIT), Seattle, Washington, USA",
   pages = {},
   month = jul,
   year = {2006},
   }

@inproceedings{Cendrillon06b,
   author = "R. Cendrillon and M. Moonen and W. Yu and J. Verlinden and T. Bostoen",
   title = "Optimal Spectrum Balancing for Digital Subscriber Lines",
   bookTitle = "IEEE Transactions on Communications",
   pages = {922-933, VOL. 54, NO. 5},
   month = may,
   year = {2006},
   }

@inproceedings{Cendrillon06c,
   author = "Raphael Cendrillon and Jianwei Huang and Mung Chiang",
   title = "Autonomous Spectrum Balancing (\textsc{ASB}) for Asynchronous DSL",
   bookTitle = "GlobeCom submitted",
   pages = {},
   month = mar,
   year = {2006},
   }

@misc{Ciofficn,
   author = {John M. Cioffi},
   title = {Class Notes},
   text = {},
   year = {2002},
   url = {http://www.stanford.edu/group/cioffi/} }

@misc{Cioffi03,
   author = "J. Cioffi, M. Mohseni",
   title = "Band Preference in Water-filling with DSM",
   text = "CT1E1.4 Congribution 2003-321R1, San Diego, CA",
   month = dec,
   year = {2003},
   url = {},
   }

@inbook{Cioffi04,
   author = {J. M. Cioffi},
   title = {Chapter 14: Vector Signal Management.},
   publisher = {},
   address = {http://192.168.50.2:8080/xwiki/bin/view/Cioffi/Chapters},
   year = {2004},
   type = {Class notes},
   chapter = {14},
   editor = {Stanford University} 
   }

@article{Cioffi04a,
   author = "J. M. Cioffi and M. Mohseni",
   title = "{Dynamic Spectrum Management}",
   journal = "ISSLS, Edinburgh, Scotland",
   text = {(winner conference best paper award)},
   month = mar,
   year = {2004},
   }

@article{Cioffi04b,
   author = "J. M. Cioffi and M. Brady and W. Rhee and M. Mohseni",
   title = "{Band Preference In Dynamic Spectrum Management}",
   journal = "Eurasip Signal Processing Conference",
   text = {Vienna, Austria},
   month = sep,
   year = {2004}
   }

@article{Chan06,
    Author = {Vincent M. K. Chan and Wei Yu},
    Title = {JointMultiuser Detection and Optimal Spectrum Balancing for Digital Subscriber Lines},
    Journal = {EURASIP Journal on Applied Signal Processing -- Special Edition about DSL},
    Volume = {},
    Pages = {},
    Year = {2006} 
    }

@article{Chow91,
   author = {Jacky S. Chow, Jeny C. Tu, John M. Cioffi},
   title = {A Discrete Multitone Transceiver System for HDSL},
   journal = {IEEE Journal on Selected areas in Communications},
   volume = {9},
   pages = {},
   year = {1991} 
   }

@phdthesis{Chung03,
   author = "Seong Taek Chung",
   title = "Transmission Schemes for Frequency Selective Gaussian interference Channels",
   school = {Stanford University},
   month = nov,
   year = {2003},
   }

@article{Cook99,
   author = "John W. Cook and Rob H. Kirkby and Martin G. Booth and Kevin T. Foster and Don E. A. Clarke and Gavin Young",
   title = "The Noise and Crosstalk Environment for ADSL and VDSL Systems",
   journal = {IEEE Comm. Mag.},
   volume = {},
   pages = {73-78},
   year = {1999},
   }
   
@article{Costa07,
   author = "Claudomiro S. Sales and Roberto Menezes and Klas Ericson and Jaume Rius I Riu and Fredrik Lindqvist and Aldebaro Klautau and Joao Costa",
   title = "{Loop Topology Identification for DSL using DELT and Multi-Objective Evolutionary Computing}",
   journal = {To be submitted},
   volume = {},
   pages = {},
   year = {},
   }

@BOOK{Cover91,
   author = {Cover, T. and Thomas, J. A.},
   title = {Elements of Information Theory},
   publisher = {Wiley},
   year = {1991},
   }

@misc{CMeas,
   author = {Neiva Fonseca and Klas Ericson and Boris Dortschy},
   title = {Crosstalk measurements on wire-loops of cable-drums C8, C9 and C10 -- A pilot study},
   text = {Report for Ericsson},
   year = {2005},
   url = {} 
   }

@INPROCEEDINGS{Celaya04,
  title = {Single-ended {DSL} line tester},
  author = {Celaya, B. and Dodds, D. E.},
  booktitle = {Proceedings of the Canadian Conference on Electrical and Computer Engineering.},
  year = {2004},
  volume = {4},
  pages = {2155--2158},
  month = may,
  ISSN = {0840-7789},
}

@BOOK{Chen97,
 author = {Chen, Walter Y. },
 title = {{DSL}: Simulation Techniques and Standards Development for Digital Subscriber Lines},
 publisher = {Alpel Publishing},
 year = {1997}, 
 }	


											%%%%%%%%% Letter "D" %%%%%%%%%%%%


@BOOK{Deb01,
   author = {Deb,K.},
   title = {Multi-Objective Optimization using Evolutionary Algorithms},
   publisher = {John Wiley~\&~Sons},
   year = {2001} 
}

@ARTICLE{Deb02,
  title = {A fast and elitist multiobjective genetic algorithm: {NSGA}-{II}},
  author = {Deb, K. and Pratap, A. and Agarwal, S. and Meyarivan, T.},
  journal = {{IEEE} Transactions on Evolutionary Computation},
  year = {2002},
  volume = {6},
  number = {2},
  pages = {182--197},
  month = apr,
  doi = {10.1109/4235.996017},
  ISSN = {1089-778X},
}
						
@BOOK{Dixon84,
   author = {Dixon,R.C.},
   title = {Spread Spectrum Systems},
   publisher = {Wiley},
   edition = {2nd},
   year = {1984} 
}
   
@article{Driton06,
   author = "Driton Statovci and Tomas Nordstrom and Rickard Nilsson",
   title = "The Normalized-Rate Iterative Algorithm: A Practical Dynamic Spectrum Management Method for DSL",
   journal = {EURASIP Journal on Applied Signal Processing},
   pages = {117},
   year = {2006},
   }

@INPROCEEDINGS{Dodds06,
  title = {{TDR} and {FDR} Identification of Bad Splices in Telephone Cables},
  author = {David E. Dodds and Muhammad Shafique and Bernardo Celaya},
  booktitle = {Proceedings of the Canadian Conference on Electrical and Computer Engineering. {CCECE} '06.},
  year = {2006},
  pages = {838--841},
  address = {Ottawa, Ont.,},
  month = may,
  doi = {10.1109/CCECE.2006.277760},
}


											%%%%%%%%% Letter "E" %%%%%%%%%%%%
										
@misc{etsi_vdsl,
  title = {Very High Speed Digital Subscriber Lines (\textsc{VDSL}); Functional Requirements},
  author = {ETSI Std. TS 101 270-1},
  text = {},
  year = {2003},
  url = {}
  }
  
@misc{etsi_vdsl2,
  title = {Transmission and Multiplexing (TM); Access transmission systems on metallic access cables; Very high speed 		Digital Subscriber Line (\textsc{VDSL}); Part 1: Functional Requirements},
  author = {ETSI TS 101 270-1 V1.2.1},
  text = {},
  year = {1999},
  url = {}
  }
    
@misc{ECN320,
   author = "{Ericsson AB}",
   title = "{ECN320 User Guide -- Ethernet DSL Access}",
   text = {},
   year = {2004},
   url = {}
   }

@misc{Eriksson06,
   author = {Per-Erik Eriksson and Björn Odenhammar},
   title = {VDSL2: Next important broadband technology},
   text = {Ericsson Review No. 1},
   year = {2006},
   }


											%%%%%%%%% Letter "F" %%%%%%%%%%%%
											
@ARTICLE{Furse05,
  title = {Feasibility of spread spectrum sensors for location of arcs on live wires},
  author = {Furse, C. and Smith, P. and Safavi, M. and Chet Lo},
  journal = {{IEEE} Sensors Journal},
  year = {2005},
  volume = {5},
  number = {6},
  pages = {1445--1450},
  month = dec,
  doi = {10.1109/JSEN.2005.858900},
  ISSN = {1530-437X},
}  
    
@PHDTHESIS{Fang02a,
   author = {Fang, J. L.},
   title = {Modeling and Characterization of Copper Access Systems},
   school = {Stanford University},
   year = 2002,
}

@UNPUBLISHED{Fang02b,
   author = {Fang,J. L. and Zeng,C. and Cioffi,J.},
   title = {Bridged Tap Location Estimation},
   note = {\textit{preprint}},
   month = {},
   year = {},
   url= {},   
}    

										%%%%%%%%% Letter "G" %%%%%%%%%%%%

@ARTICLE{Galli00a,
  title = {Exact conditions for the symmetry of a loop},
  author = {Galli, S.},
  journal = {{IEEE} Communications Letters},
  year = {2000},
  volume = {4},
  number = {10},
  pages = {307--309},
  month = oct,
  doi = {10.1109/4234.880817},
}
										
@article{Galli00b,
   author = "S. Galli and K. J. Kerpez",
   title = "The Problem of Summing Crosstalk from Mixed Sources",
   journal = {IEEE Comm. Lett.},
   volume = {4},
   pages = {325-327},
   year = {2000},
   }

@article{Galli01,
   author = "S. Galli and C. Valenti and K. J. Kerpez",
   title = "A Frequency-Domain Approach to Crosstalk Identification in xDSL Systems",
   journal = {IEEE J. Select. Areas Commun.},
   volume = {19},
   pages = {1497-1506},
   year = {2001},
   }

@article{Galli02a,
   author = "S. Galli and R. Hausman and K. Kerpez and C. Valenti",
   title = "Multiuser Channel Estimation: Finding the Best Sparse Representation of Crosstalk on the Basis of Overcomplete Dictionaries",
   journal = {GLOBECOM'02 IEEE},
   volume = {2},
   pages = {1213-1217},
   year = {2002},
   }

@article{Galli02b,
   author = "S. Galli and K. Kerpez",
   title = "Methods of Summing Crosstalk from Mixed Sources - Part I: Theorectical Analysis",
   journal = {IEEE Transations on Communication},
   volume = {50},
   month = {march},
   pages = {453-461},
   year = {2002},
   }
   
@article{Galli02c,
   author = "K. Kerpez and S. Galli",
   title = "Methods of Summing Crosstalk from Mixed Sources - Part II: Performance Results",
   journal = {IEEE Transations on Communication},
   volume = {50},
   month = {april},
   pages = {600-607},
   year = {2002},
   }

@ARTICLE{Galli02d,
  title = {Loop makeup identification via single ended testing: beyond mere loop qualification},
  author = {Galli, S. and Waring, D. L.},
  journal = {{IEEE} Journal on Selected Areas in Communications},
  year = {2002},
  volume = {20},
  number = {5},
  pages = {923--935},
  month = jun,
  doi = {10.1109/JSAC.2002.1007375},
}

@INPROCEEDINGS{Galli05a,
  title = {Signal processing for single-ended loop make-up identification},
  author = {Galli, S. and Kerpez, K. J.},
  booktitle = {Proceedings of the 6th {IEEE} Workshop on Signal Processing Advances in Wireless Communications},
  year = {2005},
  pages = {368--374},
  month = jun,
  doi = {10.1109/SPAWC.2005.1506049},
}

@ARTICLE{Galli05b,
  title = {A novel approach to the modeling of the indoor power line channel-Part {II}: transfer function and its properties},
  author = {Galli, S. and Banwell, T.},
  journal = {{IEEE} Transactions on Power Delivery},
  year = {2005},
  volume = {20},
  number = {3},
  pages = {1869--1878},
  month = jul,
  doi = {10.1109/TPWRD.2005.848732},
}   
   
@ARTICLE{Galli06a,
  title = {Single-ended loop make-up identification-part {I}: a method of analyzing {TDR} measurements},
  author = {Galli, S. and Kerpez, K. J.},
  journal = {{IEEE} Transactions on Instrumentation and Measurement},
  year = {2006},
  volume = {55},
  number = {2},
  pages = {528--537},
  month = apr,
  doi = {10.1109/TIM.2006.870134},
}

@INPROCEEDINGS{Galli06b,
  title = {Improved Algorithms for Single-Ended Loop Make-Up Identification},
  author = {Galli, S. and Kerpez, K.},
  booktitle = {Proceedings of the {IEEE} International Conference on Communications},
  year = {2006},
  volume = {1},
  pages = {67--72},
  month = jun,
  doi = {10.1109/ICC.2006.254706},
}
    
@book{Goldberg,
   author = {D. E. Goldberg},
   title = {Genetic Algorithms in Search, Optimization
and Machine Learning},
   publisher = {Reading, MA: Addison-Wesley},
   year = {1989} 
}

@MISC{G826,
    howpublished = {ITU-T recommendation G.826},
    title = {End-to-end error performance parameters and objectives for international, constant bit-rate digital paths and connections},
    year = {2002},
    month = {Dec.},
    url = {http://www.itu.int/rec/dologin_pub.asp?lang=e&id=T-REC-G.826-200212-I!!PDF-E&type=items},
}

@MISC{G9961,
    howpublished = {ITU-T recommendation G.996.1},
    title = {Test procedures for digital subscriber line ({DSL}) transceivers},
    year = {2001},
    month = {Feb.},
    url = {http://www.itu.int/rec/dologin_pub.asp?lang=e&id=T-REC-G.996.1-200102-I!!PDF-E&type=items},
}

@MISC{G9921,
    howpublished = {{ITU-T} recommendation G.992.1},
    title = {Asymmetric digital subscriber line ({ADSL}) transceivers},
    year = {1999},
    month = {Sep.},
    url = {http://www.itu.int/rec/dologin_pub.asp?lang=e&id=T-REC-G.992.1-199907-I!!PDF-E&type=items},
}

@MISC{G9923,
    howpublished = {{ITU-T} recommendation G.992.3},
    title = {Asymmetric digital subscriber line transceivers 2 ({ADSL2})},
    year = {2005},
    month = {Jan.},
    url = {http://www.itu.int/rec/dologin_pub.asp?lang=e&id=T-REC-G.992.3-200501-I!!PDF-E&type=items},
}

@MISC{G9924,
    howpublished = {{ITU-T} recommendation G.992.4},
    title = {Splitterless asymmetric digital subscriber line transceivers 2 (splitterless {ADSL2})},
    year = {2002},
    month = {Sep.},
    url = {http://www.itu.int/rec/dologin_pub.asp?lang=e&id=T-REC-G.992.4-200207-I!!PDF-E&type=items},
}

@MISC{G9925,
    howpublished = {{ITU-T} recommendation G.992.5},
    title = {Asymmetric digital subscriber line ({ADSL}) transceivers -- Extended bandwidth {ADSL2} ({ADSL2+})},
    year = {2005},
    month = {Jan.},
    url = {http://www.itu.int/rec/dologin_pub.asp?lang=e&id=T-REC-G.992.5-200501-I!!PDF-E&type=items},
}

@MISC{G9931,
    howpublished = {{ITU-T} recommendation G.993.1},
    title = {Very high speed digital subscriber line transceivers},
    year = {2004},
    month = {Jun.},
    url = {http://www.itu.int/rec/dologin_pub.asp?lang=e&id=T-REC-G.993.1-200406-I!!PDF-E&type=items},
}

@MISC{G9932,
    howpublished = {{ITU-T} recommendation G.993.2},
    title = {Very high speed digital subscriber line transceivers 2 ({VDSL2})},
    year = {2006},
    month = {Feb.},
    url = {http://www.itu.int/rec/dologin_pub.asp?lang=e&id=T-REC-G.993.2-200602-I!!PDF-E&type=items},
}

@MISC{G9971,
    howpublished = {{ITU-T} recommendation G.997.1},
    title = {Physical layer management for digital subscriber line ({DSL}) transceivers},
    year = {2006},
    month = {Jun.},
    url = {http://www.itu.int/rec/dologin_pub.asp?lang=e&id=T-REC-G.997.1-200606-I!!PDF-E&type=items},
}

@INBOOK{GoldenChapter5,
   author = {R. Faulkner, K. Kerpez and Philip Golden},
   title = {Implementation and Applications of DSL Technology (Hardcover)},
   publisher = {Auerbach Publications},
   address = {USA},
   year = {2007},
   type = "Chapter",
   chapter = {5 -- Evolving Test and Provisioning from POTS to xDSL Services},
   editor = {P. Golden and H. Dedieu and K. Jacobsen} }



									%%%%%%%%% Letter "H" %%%%%%%%%%%%

@BOOK{Haykin96,
   author = {Simon Haykin},
   title = {Adaptive Filter Theory},
   edition = {3rd},
   publisher = {Prentice Hall},
   year = {1996} }

@BOOK{Haykin99,
   author = {Haykin, S.},
   title = {Communication Systems},
   publisher = {John Wiley \& Sons},
   edition = {4th},
   year = {1999} 
}

@article{Henkel94,
   author = {W. Henkel and T. Kessler},
   title = {A wideband impulsive noise survey in the German telephone network: statistical description and modeling},
   journal = {Int. J. Electron. Commun.},
   volume = {48},
   number = {6},
   pages = {277 - 288},
   year = {1994},
}
   
@BOOK{Holmes82,
   author = {J.K. Holmes},
   title = {Coherent Spread Spectrum Systems},
   publisher = {Wiley},
   year = {1982} 
}
   
@BOOK{HauptHaupt98,
   author = {R.~I.~Haupt and S.~E.~Haupt},
   title = {Practical Genetic Algorithms},
   publisher = {Wiley},
   edition = {2nd},
   year = {1998} 
}
  

@article{hwang05,
  author = "C.~Tu and W.~L.~Hwang and J.~Ho.",
  title = "Analysis of singularities from modulus maxima of complex wavelet",
  journal = "IEEE Transactions on Information Theory",
  volume = {51},
  number = {3},
  pages = "1049-1062",
  month = mar,
  year = {2005},
  }  



										%%%%%%%%% Letter "I" %%%%%%%%%%%%
											
@MISC{ImpMeas,
    howpublished = {Agilent Technologies},
    title = {\textit{Impedance Measurement Handbook -- A Guide to Measurement Technology and Techniques}},
    year = {2003},
    month = dec,
    url = {http://cp.literature.agilent.com/litweb/pdf/5950-3000.pdf},
}


										%%%%%%%%% Letter "J" %%%%%%%%%%%%
										
@misc{Jones02,
   author = {K. Jones and G.I.S. Trevio and W.W. Jones and R.H. Jonsson},
   title = {Adaptive Method and Apparatus for Transmission Line Analysis},
   text = {U.S. Patent 6697768},
   year = {2002},
   url = {} }
   
@article{JLee05,
   author = "Jungwon Lee, Ranjan V. Sonalkar, and John M. Cioffi",
   title = "A Multi-User Power Control Algorithm for Digital Subscriber Lines",
   journal = {IEEE COMMUNICATIONS LETTERS},
   volume = {9},
   number = {3},
   month = {march},
   year = {2005},
   }


										%%%%%%%%% Letter "K" %%%%%%%%%%%%
									
@article{Karipidis06a,
   author = "E. Karipidis and N. Sidiropoulos and A. Leshem and Li Youming and R. Tarafi and and M. Ouzzif",
   title = "Crosstalk Models for Short VDSL2 Lines from Measured 30 MHz Data",
   journal = "EURASIP Journal on Applied Signal Processing,special issue on DSL",
   year = {2006},
   }

@article{Karipidis05,
   author = "E. Karipidis and N. Sidiropoulos and A. Leshem and Li Youming",
   title = "Experimental Evaluation of Capacity Statistics for Short VDSL Loops",
   journal = "IEEE Trans. on Communications",
   month = "July",
   year = {2005},
   pages = "53(7):11191122",
   }

@inbook{Kay93,
   author = {Steven M. Kay},
   title = {Fundamentals of Statistical Signal Processing, Volume I: Estimation Theory},
   publisher = {Prentice Hall},
   address = {},
   year = {1993},
   type = {},
   chapter = {},
   editor = {} 
   }

@article{Kerpez95,
   author = "K. Kerpez and A. M. Gottlieb",
   title = "The error performance of digital subscriber lines in the presence of impulse noise",
   journal = IEEE_J_COM,
   volume = {43},
   number = {5},
   month = may,
   year = {1995},
   pages = "1902-1905",
   }

@ARTICLE{Kerpez06a,
  title = {Single-ended loop-makeup Identification-part {II}: improved algorithms and performance results},
  author = {Kerpez, K. J. and Galli, S.},
  journal = {{IEEE} Transactions on Instrumentation and Measurement},
  year = {2006},
  volume = {55},
  number = {2},
  pages = {538--549},
  month = apr,
  doi = {10.1109/TIM.2006.870136},
}
    
@article{Kri01,
   author = "Krista S. Jacobsen",
   title = "{Methods of Upstream Power Backoff on Very High-Speed Digital Subscriber Lines}",
   journal = {IEEE Communications Magazine},
   volume = {},
   number = {},
   month = mar,
   year = {2001},
   }


											%%%%%%%%% Letter "L" %%%%%%%%%%%%
											
@ARTICLE{Lao02,
   author = {Lao, Richard},
   title = {The Twisted-Pair Telephone Transmission Line},
   journal = {High Frequency Electronics},
   volume = {},
   number = {},
   month = nov,
   year = {2002},
}

@phdthesis{Lee04,
   author = "Bin Lee",
   title = "Binder MIMO Channels",
   school = "Stanford University",
   year = 2004,
   }

@ARTICLE{Levey02,
   author = "D. B. Levey and S. McLaughlin",
   title = "{The statistical Nature of Impulse Noise Interarrival Times in Digital Subscriber Loop Systems}",
   journal = "Signal Processing",
   volume = {82},
   number = {3},
   month = mar,
   year = {2002},
   pages = "329-351",
   }

@ARTICLE{Lui05,
   author = "Raymond Lui and Wei Yu",
   title = "{Low Complexity Near Optimal Spectrum
   Balancing for Digital Subscriber Lines}",
   journal = {IEEE International Conference on Communications},
   year = {2005},
   }

@ARTICLE{Luo04,
   author = "Zhi-Quan Luo and Jong-Shi Pang",
   title = "{Analysis of Iterative Waterfilling Algorithm for Multiuser Power Control in Digital Subscriber Lines}",
   journal = {IEEE International Conference on Communications},
   month = dec,
   year = {2004},
   }

@INPROCEEDINGS{Long02,
   author = {Long, G. and Kamali, J.},
   title = {Single-ended line probing helps speed up {DSL} mass deployment},
   booktitle = {IIC-China/ESC China Conference},
   pages = {57--60},
   year = {2002},
}

											%%%%%%%%% Letter "M" %%%%%%%%%%%%

@ARTICLE{mallat92,
  author = "S.~Mallat and W.~L.~Hwang",
  title = "{Singularity detection and processing with wavelets}",
  journal = "IEEE Transactions on Information Theory",
  volume = {38},
  number = {2},
  pages = "617-643",
  month = mar,
  year = {1992},
  }

@book{mallat98,
   author = {S.~Mallat},
   title = {a Wavelet tour of signal processing},
   publisher = {Academic Press},
   year = {1998} 
   }
												
@ARTICLE{Mann02,
  author = "I. Mann and S. McLaughlin and W. Henkel and R. Kirkby and T. Kessler",
  title = "{Impulse Generation With Appropriate Amplitude, Length, Inter-Arrival, and Spectral Characteristics}",
  journal = IEEE_J_JSAC,
  volume = {20},
  number = {5},
  pages = "901-912",
  month = jun,
  year = {2002},
  }

@TechReport{McLaughlin01,
	author = "S. McLaughlin and W. Henkel and R. Kirkby and T. Kessler",
	title = "{Text for realistic impulsive noise model, Submission to ETSI WG TM6, TD20, 011T20}",
	text = {Text for realistic impulsive noise model, Submission to ETSI WG TM6, TD20, 011T20},
	institution = { },
	month = feb,
	year = {2001},
	}

@ARTICLE{Mendieta96,
  author = "F.J. Mendieta and A. Trevino and C.A. Martinez",
  title = "{Complementary Sequence Correlations with Applications to Reflectometry Studies}",
  journal = {Journal of The Mexican Society of Instrumentation},
  volume = {3},
  pages = {37-46},
  month = {April},
  year = {1996},
  }

@TECHREPORT{Melsa03,
   author = {Melsa, P. J. W. and Jacobsen, K. S.},
   title = {\textit{Single-Ended Loop Testing ({SELT}) -- Expectations and Realities}},
   institution = {Texas Instruments},
   type = {White Paper},
   year = {2003},
   month = mar,
   url = {http://www.dslprime.com/a/SELTWhitePaperTI.pdf},
}


											%%%%%%%%% Letter "N" %%%%%%%%%%%%
												
@conference{Nedev02,
  author = "N. Nedev and S. McLaughlin and D. Laurenson and R. Daley",
  title = "Data Errors in {ADSL} and {SHDSL} Systems due to Impulse Noise",
  pages = "4048-4051",
  year = {2002},
  booktitle = "2004 International Zurich Seminar on Communications",
  }

@phdthesis{Nedev03,
   author = "N. H. Nedev",
   title = "Analysis of the Impact of Impulse Noise in Digital Subscriber Line Systems",
   school = "The University of Edinburgh",
   year = {2003},
   month = mar,
   }

@MASTERSTHESIS{Nilsson05,
   author = {Nilsson, Martin},
   title = {\textit{Management of a DSL Copper Network using Built-in Loop Qualification Tools}},
   school = {Royal Institute of Technology/Ericsson AB},
   type = {Master's project},
   year = {2005},   
   month = mar,   
}

@misc{Nordstrom03,
   author = " T. Nordstrom and D. Bengtsson",
   title = "{FTW} Simulation Tool, Version 3.0beta1, http://www.xdsl.ftw.at/xdslsimu/",
   text = {},
   year = {2003},
   url = {http://www.xdsl.ftw.at/xdslsimu/},
   }

@ARTICLE{Nowrouzian01,
   author = {Nowrouzian, B.; Luqing Wang; Agha, W.,},
   title = {An overview of discrete multitone modulation/demodulation systems in xDSL applications},
   journal = {Conference Record of the Thirty-Fifth Asilomar Conference on Signals, Systems and Computers},
   volume = {1},
   pages = {31-35},
   year = {2001} 
   }

@ARTICLE{Neus06a,
  author = {Neus, Carine and Boets, Patrick and Van Biesen, Leo},
  title = {Estimation of the achievable {xDSL} service},
  journal = {45th FICE Congress},
  volume = {},
  pages = {258-263},
  year = {2006}
}

@ARTICLE{Neus06b,
   author = {Neus, Carine and Boets, Patrick and Van Biesen, Leo},
   title = {Feature extraction of one port scattering parameters for single ended line testing},
   journal = {XVIII {IMEKO} World Congress},
   volume = {},
   pages = {},
   year = {2006}
}

@INPROCEEDINGS{Neus07,
  title = {Transfer Function Estimation of Digital Subscriber Lines with Single Ended Line Testing},
  author = {Neus, Carine and Boets, Patrick and Van Biesen, Leo},
  booktitle = {Proceedings of the {IEEE} Instrumentation and Measurement Technology Conference},
  year = {2007},
  pages = {1--5},
  month = may,
  doi = {10.1109/IMTC.2007.378980},
}

   
									%%%%%%%%% Letter "O" %%%%%%%%%%%%
									
@misc{Oaksman99,
  author = "V. Oaksman and J.M Cioffi",
  title = "Noise models for VDSL performance verification",
  text = {T1E1.4/99-438R2},
  year = {1999},
  }
  
@INBOOK{Oksman06,
   author = {V. Oksman},
   title = {Fundamentals of DSL technology},
   publisher = {Auerbach Publications},
   address = {USA},
   year = {2006},
   type = "Chapter",
   chapter = {6 -- Fundamentals of Single-Carrier Modulation},
   editor = {P. Golden and H. Dedieu and K. Jacobsen} }

@misc{Openh323,
   author = {OpenH323 Project},
   title = {},
   text = {http://www.openh323.org/},
   year = {2007},
   url = {http://www.openh323.org/}
   }


									%%%%%%%%% Letter "P" %%%%%%%%%%%%   
								
@book{Papoulis02,
   author = {Athanasios Papoulis and S. Unnikrishna Pillai},
   title = {Probability, Random Variables and Stochastic Processes},
   publisher = {McGraw-Hill},
   edition = {4th},
   year = {2002} 
   }

@ARTICLE{Papandreou06,
   author = {Nikolaos Papandreou and Theodore Antonakopoulos},
   title = {Far-End Crosstalk Identification Method Based on Channel Training Sequences},
   journal = {IEEE Transactions on Instrumentation and Measurement},
   volume = {54},
   pages = {2204-2212},
   year = {2005} 
   }

@misc{Papandriopoulos06,
    author = "John Papandriopoulos and Jamie S. Evans",
    title = "{Low-Complexity Distributed Algorithms for Spectrum Balancing in Multi-User \textsc{DSL} Networks}",
    text = {},
    year = {2005},
    url = {http://www.cubinlab.ee.mu.oz.au/~jpap/} 
    }

@book{Proakis01,
   author = {John G. Proakis},
   title = {Digital Communications},
   publisher = {McGraw-Hill},
   edition = {4th},
   year = {2001} 
   }

@book{Proakis02,
   author = {J.G. Proakis and M. Salehi},
   title = {Communication System Engineering},
   publisher = {Prentice-Hall},
   edition = {2nd},
   year = {2002} 
   }
   
@ARTICLE{Pickholtz82,
    author = "R.L. Pickholtz and D.L. Schilling and L.B. Misltein",
    title = "{Theory of Spread-Spectrum Communications-A Tutorial}",
    journal = {IEEE Transactions on Communications},
    volume = {30},
    pages = {855-884},
    year = {1982},
    }

@ARTICLE{Pintelon90,
  title = {Identification of transfer functions with time delay and its application to cable fault location},
  author = {Pintelon, R. and Van Biesen, L.},
  journal = {{IEEE} Transactions on Instrumentation and Measurement},
  year = {1990},
  volume = {39},
  number = {3},
  pages = {479--484},
  month = jun,
  doi = {10.1109/19.106276},
  ISSN = {0018-9456},
}

@ARTICLE{Pintelon94,
  title = {Parametric identification of transfer functions in the frequency domain -- a survey},
  author = {Pintelon, R. and Guillaume, P. and Rolain, Y. and Schoukens, J. and Van Hamme, H.},
  journal = {{IEEE} Transactions on Automatic Control},
  year = {1994},
  volume = {39},
  number = {11},
  pages = {2245--2260},
  month = nov,
  doi = {10.1109/9.333769},
  ISSN = {0018-9286},
}



									%%%%%%%%% Letter "Q" %%%%%%%%%%%%
							

@techreport{Q3GREPORT,
   author = "University of Campinas (UNICAMP) Research Group",
   title = "2nd General Report - MIMO-DSL Broadband Access through Multiple-Input Multiple-Output DSL Systems",
   institution = {University of Campinas (UNICAMP)},
   year = {2005} }

@misc{Qostp,
   author = {Ericsson},
   title = {QoS Solutions for Triple Play - Technical Solution Brief},
   text = {},
   year = {2005},
   url = {}
   }
   
   
%--- DSM Reports : ---%   

@TechReport{Q1DSM05,
author = "DSM Group",
title = "{A Bibliographical Review of Dynamic Spectrum Management (DSM)}",
text = {UFA02 DSM Quaterly Report(Q1)},
institution = {Federal University of Par\'a},
month = feb,
year = {2005},
}

@TechReport{Q3DSM05,
author = "UFA02",
title = "{DSM Quaterly Report (Q3)}",
text = {UFA02 DSM Quaterly Report (Q3)},
institution = {Federal University of Par\'a},
month = jul,
year = {2005},
}

@TechReport{Q6DSM06,
author = "UFA02",
title = "{DSM Quaterly Report (Q6)}",
text = {UFA02 DSM Quaterly Report (Q6)},
institution = {Federal University of Par\'a},
month = may,
year = {2006},
}

@TechReport{Q7DSM06,
author = "UFA02",
title = "{DSM Quaterly Report (Q7)}",
text = {UFA02 DSM Quaterly Report (Q7)},
institution = {Federal University of Par\'a},
month = August,
year = {2007},
}


%--- LQ Reports : ---%   

@TechReport{Q2LQ5,
author = "UFA05",
title = "{LQ Quaterly Report (Q2)}",
text = {UFA05 LQ Quaterly Report (Q2)},
institution = {Federal University of Par\'a},
month = Apr,
year = {2007},
}

@TechReport{Q3LQ5,
author = "UFA05",
title = "{LQ Quaterly Report (Q3)}",
text = {UFA05 LQ Quaterly Report (Q3)},
institution = {Federal University of Par\'a},
month = Aug,
year = {2007},
}


@TechReport{Q4LQ5,
author = "UFA03",
title = "{LQ Quaterly Report (Q4)}",
text = {UFA03 LQ Quaterly Report (Q4)},
institution = {Federal University of Par\'a},
month = dec,
year = {2005},
}

@TechReport{Q5LQ6,
author = "UFA03",
title = "{LQ Quaterly Report (Q5)}",
text = {UFA03 LQ Quaterly Report (Q5)},
institution = {Federal University of Par\'a},
month = mar,
year = {2006},
}

@TechReport{Q6LQ6,
author = "UFA03",
title = "{LQ Quaterly Report (Q6)}",
text = {UFA03 LQ Quaterly Report (Q6)},
institution = {Federal University of Par\'a},
month = jul,
year = {2006},
}

@TechReport{Q8LQ6,
author = "UFA03",
title = "{LQ Quaterly Report (Q8)}",
text = {UFA03 LQ Quaterly Report (Q8)},
institution = {Federal University of Par\'a},
month = nov,
year = {2006},
}



									%%%%%%%%% Letter "R" %%%%%%%%%%%%
									
@misc{Radcguide,
   author = {RADCOM},
   title = {Performer Installation \& Configuration Guide},
   text = {},
   year = {2005},
   url = {}
   }

@TECHREPORT{Riu04,
   author = {i Riu, Jaume R.},
   title = {Position paper on loop qualification and monitoring outlining general features the developed loop qualification and monitoring solution should fulfil},
   institution = {Ericsson AB},
   type = {Report},
   year = {2004},   
   month = nov,
}


									%%%%%%%%% Letter "S" %%%%%%%%%%%%
									
@ARTICLE{Salvekar02,
   author = "A. A. Salvekar and J. Louveaux and C. Aldana, J. L. Fang and E. de Carvalho and J. M. Cioffi",
   title = "{Profile Detection in Multiuser Digital Subscriber Line Systems}",
   journal = {IEEE J. Select. Areas Commun.},
   volume = {20},
   pages = {1116-1125},
   year = {2002},
   }

@ARTICLE{Song02,
   author = "K B. Song and S. T. Chung and G. Ginis and J. M. Cioffi",
   title = "Dynamic spectrum Management for Next-Generation {DSL} Systems",
   journal = "IEEE Commu. Mag.",
   volume = {40},
   number = {10},
   pages = {101-9},
   month = oct,
   year = {2002},
   }

@ARTICLE{Souza07,
   author = "L. V. de Souza and D. L. Cardoso and M. S. Silva and M. C. Seruffo and D. Russillo and J. C. W. A. Costa and C. R. L. Francês and A. L. S. Castro and G. P. dos S. Cavalcante and J. R. I Riu",
   title = "Impact of Non-Stationary Noise on xDSL Systems: an Experimental Analysis",
   journal = {Proceedings of SPIE - Fourth Symposium on Fluctuations and Noise, TO BE PUBLISHED},
   volume = {},
   month = {},
   pages = {},
   year = {2007},
   }

@techreport{Standard04,
   author = {Working Group on Digital Subscriber Line Access},
   title = {Pre-Plubished STandard},
   institution = {},
   year = {2004} 
   }

@book{Starr99,
   author = "T. Starr and J. M. Cioffi and P. J. Silverman",
   title = "Understanding Digital Subscriber Line Technology",
   publisher = "Prentice-Hall",
   year = {1999},
   }

@book{Starr03,
   author = "T. Starr and M. Sorbara and J. M. Cioffi and P. J. Silverman",
   title = "DSL Advances",
   publisher = "Prentice-Hall",
   year = {2003},
   }

@ARTICLE{Stolle02,
   author = "R. Stolle",
   title = "Electromagnetic Coupling of Twisted Pair Cables",
   journal = IEEE_J_JSAC,
   volume = {20},
   number = {5},
   month = jun,
   year = {2002},
   pages = {883-892},
   }

@book{Strobach90,
   author = {P. Strobach},
   title = {Linear Prediction Theory: A Mathematical Basis for Adaptive Systems},
   publisher = {Springer-Verlag},
   year = {1990} 
   }

@book{Sellers96,
   author = {Brian Henderson-Sellers},
   title = {Object-Oriented Metrics, measures of Complexity},
   publisher = {Prentice Hall},
   edition = {4th},
   year = {1996} 
   }

@ARTICLE{Sharma07,
    author = "C.R. Sharma and C. Furse and R.R. Harrison",
    title = "Low-Power STDR CMOS Sensor for Locating Faults in Aging Aircraft Wiring",
    journal = {IEEE Sensors Journal},
    volume = {7},
    pages = {43-50},
    month = {January},
    year = {2007},
		}

@ARTICLE{Sawarte80,
    author = "D.V. Sawarte and M.B. Pursley",
    title = "{Crosscorrelation Properties of Pseudorandom and Related Sequences}",
    journal = {Proceedings of The IEEE},
    volume = {68},
    pages = {593-619},
    month = {May},
    year = {1980},
    }

@ARTICLE{Smith05a,
    author = "P. Smith and C. Furse and J. Gunther",
    title = "{Fault Location on Aircraft Wiring Using Spread Spectrum Time Domain Reflectometry}",
    journal = {IEEE Trans. Electromagn. Compat.},
    volume = {47},
    pages = {306-315},
    month = {May},
    year = {2005},
    }

@ARTICLE{Smith05b,
    author = "P. Smith and C. Furse and J. Gunther",
    title = "{Analysis of Spread Spectrum Time Domain Reflectometry for Wire Fault Location}",
    journal = {IEEE Sensors Journal},
    volume = {5},
    pages = {1469-1478},
    month = {December},
    year = {2005},
    }

@phdthesis{Smith03,
   author = "P. Smith",
   title = "Spread Spectrum Time Domain Reflectometry",
   school = "Utah State University",
   year = 2003,
   }

@ARTICLE{Sanchez99,
  title = {Impulsive noise measurements and characterization in a {UHF} digital{TV} channel},
  author = {Sanchez, M. G. and de Haro, L. and Ramon, M. C. and Mansilla, A. and Ortega, C. M. and Oliver, D.},
  journal = {{IEEE} Transactions on Electromagnetic Compatibility},
  year = {1999},
  volume = {41},
  number = {2},
  pages = {124--136},
  month = may,
  doi = {10.1109/15.765101},
  ISSN = {0018-9375},
}

									%%%%%%%%% Letter "T" %%%%%%%%%%%%

@MISC{TM697,
    author = {van den Brink, R.F.M.},
    title = {Cable Reference Models for Simulating Metallic Access Networks},
    howpublished = {ETSI STC. TM6},
    year = {1998},
    month = ,
    day = ,
    url = ,
}

@MISC{TM698,
    author = {Musson, J.},
    title = {Maximum Likelihood Estimation of the Primary Parameters of Twisted Pair Cables},
    howpublished = {ETSI STC. TM6},
    year = {1998},
    month = ,
    day = ,
    url = ,
}

@MISC{TM699,
    author = {Heylen, L. and Musson, J.},
    title = {Cable Models Predict Physically Impossible Behaviour in Time Domain},
    howpublished = {ETSI STC. TM6},
    year = {1999},
    month = ,
    day = ,
    url = ,
}


@MISC{TM602,
    author = {Nordström, T. and Trautmann, S.},
    title = {Proposal for Parametric ADSL Cable Models},
    howpublished = {ETSI STC. TM6},
    year = {2002},
    month = ,
    day = ,
    url = ,
}
  									
@ARTICLE{Taylor96,
    author = "V. Taylor and M. Faulkner",
    title = "{Line Monitoring and Fault Location Using Spread Spectrum on Power Line Carrier}",
    journal = {Proc. Inst. Elect. Eng.},
    volume = {143},
    pages = {427-434},
    month = {September},
    year = {1996},
    }
    
@ARTICLE{Tan00,
   author = {S. Y. Tan and T. T. Tjhung and Y. H. Chew},
   title = {Two-dimensional impulse noise model for digital subscriber loop environment},
   journal = {Electronics Letters},
   volume = {36},
   number = {19},
   month = sep,
   year = {2000},
   pages = {1671-1672},
   }
   
@ARTICLE{Tan03,
   author = "S. Y. Tan and Y. H. Chew and T. T. Tjhung and M. W. Wu",
   title = "{A Two-dimensional Impulse Noise Model and Error Probability of QAM in DSL}",
   journal = {IEEE Journal Comm.},
   volume = {51},
   number = {2},
   month = feb,
   year = {2003},
   pages = {129-134},
   }

@ARTICLE{Tough99,
  author = {R. J. A.  Tough and K. D. Ward},
  title = {The correlation properties of gamma and other non-Gaussian processes generated by memoryless nonlinear transformation},
  journal = {J. Phys. D: Appl. Phys.},
  year = {1999},
  month = dec,
  volume = 32,
  pages = {3075 - 3084},
  }

@conference{Toumpakaris03,
   author = "D. Toumpakaris and J. M. Cioffi and D. Gardan and M. Ouzzif",
   title = "A Square Distance-Based Byte-Erasure Method for Reduced-delay Protection of DSL Systems from Non-stationary Interference",
   pages = "2114-2119",
   year = {2003},
   booktitle = "GLOBECOM 2003",
   }

@ARTICLE{Toumpakaris04,
    author = "D. Toumpakaris and J. M. Cioffi and D. Gardan",
    title = "Reduced-Delay Protection of DSL Systems Against Nonstationary Disturbances",
    journal = {IEEE_J_COM},
    volume = {52},
    number = {11},
    pages = "1927-1938",
    month = nov,
    year = {2004},
    }

@misc{T1417,
  author = "ANSI",
  title = "T1.417 - {Spectrum Management for Loop Transmission Systems, Issue 2}",
  text = {},
  year = {2003},
  url = {},
  }

@misc{T1413,
  author = "ANSI",
  title = "T1.413 - {Network to customer installation interface - Asymmetric Digital Subscriber Lines (ADSL) Metallic Interface}",
  text = {Pre Puplished},
  year = {2004},
  url = {}
  }

@standard{T1.417-2001,
   author = {ANSI},
   title = {Spectrum Management for Loop Transmission Systems},
   institution = {T1.417-2001},
   year = {2001} 
   }

@misc{TR048,
   author = "DSL Forum",
   title = "TR048 - ADSL Interoperability Test Plan",
   text = {},
   year = {2002},
   url = {}
   }

@MISC{Telebras,
  howpublished = {Sistema de Documentação Telebrás Série ``Engenharia''},
  title = {\textit{Especificações Gerais de Modem Operando com Técnica de Transmissão Assimétrica (ADSL), nas Velocidades de 2048, 4096, 6144 kbps -- 2 Fios}},
  year = {1997},
  month =,
  day =,
  url =,
}

@book{Tantaratana98,
   author = {S. Tantaratana and K.M. Ahmed},
   title = {Wireless Applications of Spread Spectrum Systems: Selected Readings},
   publisher = {IEEE Press},
   year = {1998} 
   }

@inproceedings{Tran,
   author = "K.~D.~Tran.",
   title = "Elitist non-dominated sorting GA-II ({NSGA-II}) as a parameter-less multi-objective genetic algorithm",
   bookTitle = "Proc. IEEE SoutheastCon",
   pages = {},
   city = {},
   year = {2005},
   }
   
@MISC{TDR,
    howpublished = {Riser Bond, Inc.},
    title = {\textit{Application Guide (Introduction to time domain reflectometers)}},
    url ={http://www.jw-ent.com/Images/Appguide.pdf},        
}
   
									%%%%%%%%% Letter "U" %%%%%%%%%%%%   
									
@misc{UFA05,
	author = {UFA05},
	title = {Advanced Techniques for Loop Qualification},
	text = {"Project Proposal"},
	institution = {Federal University of Par\'a},
	month = sep,
	year = {2006},
	
	}


									%%%%%%%%% Letter "V" %%%%%%%%%%%%
									
@ARTICLE{Viterbi79,
    author = "A.J. Viterbi",
    title = "{Spread-Spectrum Communications-Myths and Realities}",
    journal = {IEEE Communications Magazine},
    volume = {17},
    pages = {11-18},
    month = {May},
    year = {1979},
    }
       
@ARTICLE{Valenti02,
   author = "Craig Valenti",
   title = "{NEXT and FEXT Models for Twisted-Pair North American Loop Plant}",
   journal = "IEEE J. Select. Areas Commun.",
   volume = {20},
   pages = {893-900},
   year = {2002},
   }

@ARTICLE{Verlinden04,
    author = "J. Verlinden and E. Van den Bogaert and T. Bostoen",
    title = "Protecting the robustness of {ADSL} and {VDSL} {DMT} modems when applying {DSM}",
    journal = {Proc. Int. Zurich Seminar on Communications IZS 2004, Zurich Switzerland},
    year = {2004},
    month = feb,
    pages = {140-143},
    }

@misc{Verlinden05,
   author = "J. Verlinden and T. Bostoen and Geert Ysebaert",
   title = "Dynamic Spectrum Management for Digital Subscriber Lines - Edition 2",
   text = "Technology White Paper - Alcatel",
   year = {2005},
   month = jun,
   }

@ARTICLE{Vincent05,
    author = "Vincent M. K. Chan and Wei Yu",
    title = "Joint Multiuser Detection and Optimal Spectrum Balancing for Digital Subscriber Lines",
    journal = {IEEE International Conference on Acoustics, Speech, and Signal Processing (ICASSP)},
    year = {2005},
    }

@INPROCEEDINGS{Vermeiren03,
  title = {Subscriber loop topology classification by means of time-domain reflectometry},
  author = {Vermeiren, T. and Bostoen, T. and Boets, P. and Ochoa Chebab, X. and Louage, F.},
  booktitle = {Proceedings of the {IEEE} International Conference on Communications. {ICC} '03.},
  year = {2003},
  volume = {3},
  pages = {1998--2002},
  month = may,
  doi = {10.1109/ICC.2003.1203949},
}  
  
									%%%%%%%%% Letter "W" %%%%%%%%%%%%  
									
									
@ARTICLE{Werner91,
  title = {The {HDSL} environment},
  author = {Werner, J. -J.},
  journal = {{IEEE} Journal on Selected Areas in Communications},
  year = {1991},
  volume = {9},
  number = {6},
  pages = {785--800},
  month = aug,
  doi = {10.1109/49.93089},
}

@MASTERSTHESIS{Wia01,
   author = {Wia,Adam},
   title = {\textit{Loop Qualification for {xDSL}}},
   school = {Royal Institute of Technology/Ericsson AB},
   type = {Master's project},
   year = {2001},   
   month = feb,
   
}
								 
								 %%%%%%%%% Letter "Y" %%%%%%%%%%%%

@PHDTHESIS{Yoho01,
   author = {Yoho,Jason J.},
   title = {Physically-Based Realizable Modeling and Network Synthesis of Subscriber Loops Utilized in DSL Technology},
   school = {Virginia Polytechnic Institute},
   year = {2001} 
}
								 
@PHDTHESIS{Yu02a,
    author = "Wei Yu",
    title = "Competition and Cooperation in Multi-user Communication Environment",
    school = "Stanford University",
    year = {2002},
    }

@article{Yu02b,
    author = "W. Yu and G. Ginis and J. M. Cioffi",
    title = "{Distributed Multiuser Power Control for Digital Subscriber Lines}",
    journal = "IEEE J. Select. Areas Commun.",
    volume = {20},
    number = {5},
    month = jun,
    pages = {1105-15},
    year = {2002},
    }

@article{Yu04,
    author = "W. Yu, W. Rhee and J. M. Cioffi",
    title = "{Iterative Water-Filling for Gaussian Vector Multiple-Access Channels}",
    journal = "IEEE Transactions Theory",
    volume = {50},
    number = {1},
    month = jan,
    pages = {145-152},
    year = {2004},
    }

@inproceedings{Yu04b,
    Author = "Wei Yu and Raymond Lui and Raphael Cendrillon",
    title = "{Dual Optimization Methods for Multiuser Orthogonal Frequency Division Multiplex Systems}",
    bookTitle = {IEEE Global Communications Conference (Globecom) },
    pages = {225-229},
    year = {2004}
		}


								%%%%%%%%% Letter "Z" %%%%%%%%%%%%

@inproceedings{Zamp06,
  title = {Mapping The Impulse Noise Spectral Features From Waveform Domain Onto Symbol Domain },
  author = {R. F. Zampolo and J. R. Riu and E. Trojer and B. Dortschy},
  booktitle = {VI International Telecommunications Symposium (ITS2006)},
  year = {2006},
  %volume = {19},
  %pages = {1488--1496},
  month = sep,
  %doi = {10.1109/49.942511},
  %ISSN = {0733-8716},
}							

@ARTICLE{Zeng01,
  title = {Crosstalk identification in x{DSL} systems},
  author = {Chaohuang Zeng and Aldana, C. and Salvekar, A. A. and Cioffi, J. M.},
  journal = {{IEEE} Journal on Selected Areas in Communications},
  year = {2001},
  volume = {19},
  number = {8},
  pages = {1488--1496},
  month = aug,
  doi = {10.1109/49.942511},
  ISSN = {0733-8716},
}							
	
@book{Ziemmer85,
   author = {R.E. Ziemmer and R.L. Peterson},
   title = {Digital Communications and Spread Spectrum Systems},
   publisher = {Macmillan},
   year = {1985}
   }
   
@article{Zitzler,
    author = {Zitzler,E. and Deb,K. and Thiele,L.},
    title = {Comparison of multiobjective evolutionary algorithms: Empirical results},
    journal = {Evolutionary Computation},
    volume = {8},
    pages = {},
    year = {},
    }