@ARTICLE{Bordes05,
    author = {Antoine Bordes and Seyda Ertekin and Jason Weston and Léon Bottou},
    title = {Fast Kernel Classifiers With Online And Active Learning},
    journal = {Journal Of Machine Learning Research},
    year = {2005},
    volume = {6},
    pages = {1579--1619}
}

@INPROCEEDINGS{Mota09,
author={Mota, T.C. and Thome, A.C.G.},
booktitle={Neural Networks, 2009. IJCNN 2009. International Joint Conference on},
title={One-Against-All-based multiclass {SVM} strategies applied to vehicle plate character recognition},
year={2009},
month={June},
volume={},
number={},
pages={2153 -2159},
keywords={binary classifier;multiclassifier;one-against-all-based multiclass SVM;support vector machine;vehicle plate character recognition;character recognition;image recognition;pattern classification;support vector machines;traffic engineering computing;},
doi={10.1109/IJCNN.2009.5178902},
ISSN={1098-7576},}

@ARTICLE{Manikandan11,
author={Manikandan, J. and Venkataramani, B.},
journal={Signal Processing, IET},
title={Evaluation of multiclass support vector machine classifiers using optimum threshold-based pruning technique},
year={2011},
month={august },
volume={5},
number={5},
pages={506 -513},
keywords={character recognition;decision tree approach;face recognition;fingerprint classification;isolated digit recognition system;multiclass pattern recognition system;multiclass support vector machine classifier;multispeaker-dependent TI46 database;nonlinear kernel;optimum threshold;pruning technique;target recognition;signal classification;speech recognition;support vector machines;},
doi={10.1049/iet-spr.2010.0311},
ISSN={1751-9675},}


@ARTICLE{Hsiao08,
author={Hsiao-Chun Wu and Saquib, M. and Zhifeng Yun},
journal={Wireless Communications, IEEE Transactions on}, 
title={Novel Automatic Modulation Classification Using Cumulant Features for Communications via Multipath Channels},
year={2008},
month={August },
volume={7},
number={8},
pages={3098 -3105},
doi={10.1109/TWC.2008.070015},
ISSN={1536-1276},}

@book{Michie94,
Author = {D. Michie, D.J. Spiegelhalter, C.C. Taylor},
Title = {Machine Learning, Neural and Statistical Classification},
Publisher = {Ellis Horwood},
Year = {1994} }

@book{Krose96,
author = {Ben Krose and Patrick van der Smagt},
title = {An introduction to Neural Networks},
url = {"citeseer.nj.nec.com/article/schapire97using.html"},
year = {1996} }

@article {Anguita03,
   author = {Davide Anguita, Andrea Boni, Sandro Ridella},
   title = { A Digital Architecture for Support Vector Machines: Theory, Algorithm, and FPGA Implementation},
   journal = {{IEEE} Transactions on Neural Networks},
   volume = {14, n. 5},
   month = {Sep},
   pages = {993-1009},
   year = {2003} }

@article {Anguita02,
   author = {Davide Anguita, Andrea Boni, Sandro Ridella},
   title = {Digital kernel perceptron},
   journal = {Electronics Letters},
   volume = {38, N 10},
   pages = {445 - 446},
   month = {May},
   year = {2002} }
  
   @article {Omar06,
   author = {Omar Pi\~na-Ramirez, Raquel Valdes-Cristerna and Oscar Yanez-Suarez},
   title = { An {FPGA} Implementation of Linear Kernel Support Vector Machines},
   journal = {IEEE International Conference on Reconfigurable Computing and {FPGA}s},
   pages = {1-6},
   year = {2006} }


@article {Irick08,
   author = {Kevin Irick, Michael DeBole, Vijaykrishnan Narayanan, Aman Gayasen},
   title = { A Hardware Efficient Support Vector Machine Architecture for {FPGA}},
   journal = {Proceedings of the 2008 16th International Symposium on Field-Programmable Custom Computing Machines},
   pages = {304 - 305},
   year = {2008} }

@article {Anguita03-2,
   author = {Davide Anguita, Andrea Boni, Sandro Ridella},
   title = { SVM learning with fixed-point math},
   journal = {Proceedings of the International Joint Conference on Neural Networks},
   volume = {3},
   pages = {2072 - 2076},
   year = {2003} }


@inproceedings{Horta2010,
Author = {Horta, Rui Americo Mathiasi and Alves, Francisco Jose dos Santos},
Title = {Aplicação de Técnicas de Data Mining para o Entendimento da Política de Financiamento de Empresas Brasileiras},
BookTitle = {IV Congresso Associação Nacional dos Programas de Pós-graduação em Ciências Contábeis -ANPCONT. Junho 2010. Natal-RN},
Pages = {},
Year = {2010} }.

@book{Pea88,
Author = {J. Pearl},
Title = {Probabilistic Reasoning in Intelligent Systems: Networks of Plausible Inference},
Publisher = {Morgan Kaufmann, San Mateo, California},
Year = {1988} }

@inproceedings{KS96b,
Author = {D. Koller and M. Sahami},
Title = {Towards optimal feature selection},
BookTitle = {In Machine Learning: Proceedings of the Thirteenth International Conference on Machine Learning. Morgan Kaufmann},
Pages = {},
Year = {1996} }

@inproceedings{KR92,
Author = {K. Kira and L. A. Rendell},
Title = {A practical approach to feature selection},
BookTitle = {In Machine Learning: Proceedings of the Ninth International Conference},
Pages = {},
Year = {1992} }.


@inproceedings{SP96,
Author = {M. Singh and G. M. Provan},
Title = {Efficient learning of selective Bayesian network classifiers},
BookTitle = {In Machine Learning: Proceedings of the Thirteenth International Conference on Machine Learning. Morgan Kaufmann},
Pages = {},
Year = {1996} }.


@inproceedings{Car95,
Author = {C. Cardie},
Title = {Using decision trees to improve cased-based learning},
BookTitle = {In Proceedings of the First International Conference on Knowledge Discovery and
Data Mining. AAAI Press},
Pages = {},
Year = {1995} }.

@book{Freitas98,
Author = {Freitas A. A},
Title = {Data mining and knowlwdge discovery with evolutionary algorithms},
Publisher = {Springer-Verlag Berlin Heidelberg New York},
Year = {1998} }



%address = {http://www.springerlink.com/content/j5j8756rxn523n16/},
@inproceedings {Long06,
author = {P. M. Long and R. A. Servedio},
Title = {Discriminative Learning Can Succeed Where Generative Learning Fails},
BookTitle = {19th Annu. Conf. Learning Theory},
Pages = {319-334},
Year = {2006} }

@inbook {Tsou07,
author = {Ching-Shih Tsou and Shih-Chia Chang and Po-Wu Lai},
title = {Swarm Intelligence: Focus on Ant and Particle Swarm Optimization},
publisher = {Itech Education and Publishing},
year = {2007},
chapter = {Using Crowding Distance to Improve Multi-Objective PSO with Local Search},
Editor = {Felix T. S. Chan and Manoj Kumar Tiwari} }

@article{Deb02,
Author = {Deb, K. and Pratap, A. and Agarwal, S. and Meyarivan, T.},
Title = {A fast and elitist multiobjective genetic algorithm: {NSGA-II}},
Journal = {IEEE Transactions on Evolutionary Computation},
Volume = {6},
Month = {April},
Pages = {182 - 197},
Year = {2002} }

@book{Haykin01,
Author = {Haykin, Simon},
Title = {Redes Neurais: Principios e Pr\'atica. 2. Ed.},
Publisher = {Porto Alegre: Bookman},
Year = {2001} }

@article{Tafner98,
  author = {M. A. Tafner},
  title = {Redes Neurais Artificiais: Aprendizado e Plasticidade},
  journal = {Revista Cerebro \& Mente},
  volume = {2},
  year = {1998},
  url = {www.cerebromente.org.br/n05/tecnologia/image11.gif} }


@article{GALVAO01,
Author = {Roberto Kawakami Harrop Galviao et al},
Title = {Estudo comparativo sobre filtragem de sinais instrumentais usando transformadas de Fourier e Wavelet},
Journal = {Quim. Nova},
Volume = {24},
Pages = {874-884},
Year = {2001} }

@book{Tafner95,
Author = {M. A. Tafner},
Title = {Redes Neurais Artificiais: introducao e principios de neurocomputacionais},
Publisher = {FURB},
Year = {1995} }

%chapter title: An Overview of Data Mining Techniques Applied to Power Systems
%ISBN 978-3-902613-53-0
%address = {Croatia},
@inbook{Morais09,
author = {J. Morais and Y. Pires and C. Cardoso and A. Klautau},
title = {Data Mining and Knowledge Discovery in Real Life Applications},
publisher = {In-{T}eh},
editor = {Ponce, Julio and Karahoca, Adem},
year = {2009},
chapter = {An Overview of Data Mining Techniques Applied to Power Systems} }


@misc{EHLERS04,
  author = {EHLERS, Ricardo},
  title = {Analise em Series Temporais},
  text = {Departamento de Estatï¿œstica- UFPR},
  year = {2004},
  url = {www.icmc.usp.br/~ehlers/notas/stemp.pdf} }


@book {Fernandes03,
Author = {Fernandes, Anita M. R.},
Title = {Inteligencia Artificial Noï¿œï¿œes Gerais},
Publisher = {Visual Books},
Year = {2003} }

@inproceedings {Fayyad96,
Author = {Fayyad,U. and Piatetsky-S.,G. and Smyth,P.},
Title = {From Data Mining to Knowledge Discovery in Databases},
BookTitle = {AI magazine, Vol 17, N.3},
Pages = {37-57},
Year = {1996}}


@mastersthesis {Freitas09,
Author = {Lilian Freitas},
Title = {Classificação de Modulação para Sensoriamento Espectral em Rádio Cognitivo},
School = {Dissertação de Mestrado, Universidade Federal do Par\'a (UFPA)},
Year = {2009} }


@inproceedings {Sonbaty04,
Author = {El-Sonbaty, Y. and Ismail, M. and Farouk, M.},
Title = {An efficient density based clustering algorithm for large databases.},
BookTitle = {In 16th IEEE international conference on tools with artificial intelligence},
Pages = {673-677},
Year = {2004} }.


@inproceedings {Halkidi02,
Author = {Halkidi, M. and Batistakis Y. and Vazirgiannis M. },
Title = {Cluster validity methods: Part I.},
BookTitle = {SIGMOD Rec.},
Pages = {40-45},
Year = {2002} }.

@inproceedings {Rix04,
Author = {A. W. Rix},
Title = {Perceptual speech quality assessment - a review},
BookTitle = {Proceedings. (ICASSP '04). IEEE International Conference on Acoustics, Speech, and Signal Processing, 2004},
Pages = {1056-9 vol. 3},
Year = {2004} }.

@inproceedings {Grabusts02,
Author = {Grabusts, P. and Borisov, A.},
Title = {Using grid-clustering methods in data classification.},
BookTitle = {In Proceedings of the International Conference on Parallel Computing in Electrical Enginneering.},
Pages = {425-426},
Year = {2002} }.

@inproceedings {Dash01,
Author = {Dash, M. and Liu, H. and Xu, X.},
Title = {'1+1>2':mergin distance and density based clustering.},
BookTitle = {In Proceedings fo the seventh international conference on database systems for advanced applications.},
Pages = {32-39},
Year = {2001} }.

@inproceedings {Ankerst99,
Author = {Ankerst, M. et all.},
Title = {OPTICS: ordering points to identify the clustering structure.},
BookTitle = {Internacional Conference on Management of Data.},
Pages = {},
Year = {1999} }.

@techreport {Ester99,
Author = {Ester, M. et all.},
Title = {A Density-Based Algorithm for Discovering Clusters in Large Spatial Databases with Noise.},
Institution = {University of Munich},
Year = {1999} }


@inproceedings {Nascimento00,
Author = {Nascimento, S. and Mirkin, B and Moura-Pires, F.},
Title = {A Fuzzy Clustering Model of Data and Fuzzy Cmeans},
BookTitle = {The Nineth IEEE International Conference on Fuzzy Systems: Soft Computing in the Information Age.},
Pages = {302-307},
Year = {2000} }.

@techreport {Monard06,
Author = {Mertz, J. and Monard, C.},
Title = {Estudo e An\'alise das Diversas Representa\c{c}\~oes e Estruturas de Dados Utilizadas nos Algoritmos de Clustering Hier\'arquico},
Institution = {Sï¿œo Carlos},
Year = {2006} }


@book {kaufman90,
Author = {Kaufman,L. and Rousseeuw, P.},
Title = {Finding Groups in Data - An Introduction to Cluster Analysis.},
Publisher = {Wiley Series in Probability and Mathematical Statistics.},
Year = {1990} }

@book {Romesburg84,
Author = {Romesburg,C.},
Title = {Cluster analysis for researchers},
Publisher = {Belmont: Lifetime Learning Publications},
Year = {1984} }

@inproceedings {Fonseca93,
Author = { C. M. Fonseca and P. J. Fleming},
Title = {Genetic algorithms for multiobjective optimization: Formulation, discussion and generalization},
BookTitle = {Proceedings of the Fifth International Conference on Genetic Algorithms},
Pages = {416â423},
Year = {1993} }.

@inbook {Gen00,
author = {Gen, M. and Cheng, R.},
title = {Genetic Algorithms and Engineering Optimization},
publisher = {John Wiley and Sons, Inc},
address = {},
year = {2000},
type = {},
chapter = {},
Editor = {} }



@book {Freitas02,
Author = {Freitas, A},
Title = {A Data Mining and Knowledge Discovery with Evolutionary Algorithms},
Publisher = {Springer},
Year = {2002} }


@inproceedings {Matsuura07,
Author = {Matsura, P. and Yoneyama, T. and Galvo, R. and Ribeiro, M.},
Title = {Deteccao de Falhas em Sistemas Dinamicos com Agrupamento Neural Empregando Mapas de {K}ohonen.},
BookTitle = {VIII Congresso Brasileiro de Redes Neurais},
Pages = {1-6},
Year = {2007} }

@article {Gaouda04,
Author = {Gaouda,A.},
Title = {Data Clustering and storing for Wide Area Power Quality Monitoring.},
Journal = {The International Journal of Electric Power System Research.},
Volume = {70},
Pages = {56-63},
Year = {2004} }



@article{Srinivas00,
    author = "N. Srinivas and Kalyanmoy Deb",
    title = "Comparison of Multiobjective Evolutionary Algorithms: Empirical Result",
    journal = "Evolutionary Computation",
    volume = "8",
    number = "2",
    pages = "173-195",
    year = "2000",
    url = "" }



@book {Dutoit97,
Author = {Thierry Dutoit},
Title = {An Introduction to Text-to-Speech Synthesis},
Publisher = {Kluwer},
Year = {1997} }


@inproceedings {Morais07,
Author = {J. Morais and Y. Pires and C. Cardoso and A. Klautau},
Title = {Data Mining Applied to the Electric Power Industry: Classification of Short-Circuit in Transmission Lines},
BookTitle = {IEEE International Conference on Intelligent Systems Design and Applications (ISDA) },
Pages = {},
Year = {2007} }

@phdthesis {Lorena06,
Author = {A.Lorena},
Title = {Investigacao de estrat\'{e}gias para a gerac\~{a}o de maquinas de vetores de suporte multiclasses},
School = {Instituto de Ciencias Matem\'{a}ticas e de Computac\~{a}o - USP},
Year = {2006} }

@ARTICLE{Muller01,
author={Muller, K.-R. and Mika, S. and Ratsch, G. and Tsuda, K. and Scholkopf, B.},
journal={Neural Networks, IEEE Transactions on}, title={An introduction to kernel-based learning algorithms},
year={2001},
month=mar,
volume={12},
number={2},
pages={181 -201},
keywords={DNA analysis;Mercer kernel;Vapnik-Chervonenkis theory;kernel Fisher discriminant analysis;learning algorithms;mathematical programming;optical character recognition;principal component analysis;support vector machines;learning (artificial intelligence);learning automata;neural nets;optical character recognition;pattern classification;principal component analysis;},
doi={10.1109/72.914517},
ISSN={1045-9227},}

@inproceedings{Morais07a,
Author = {J. Morais and Y. Pires and C. Cardoso and A. Klautau},
Title = {An Experimental Evaluation of Automatic Classification of Sequences Representing Short Circuits in Transmission Lines},
BookTitle = {Brazilian Conference on Neural Networks (CBRN) },
Pages = {},
Year = {2007} }

@book {Quinlan93,
Author = {J. Quinlan},
Title = {C4.5: Programs for machine learning },
Publisher = {Morgan Kaufmann},
Year = {1993} }

@book {Barnett94,
Author = {V. Barnett and T. Lewis},
Title = {Outliers in Statistical Data (3rd Ed.)},
Publisher = {Wiley},
Year = {1994} }

@book {Gan07,
author = {G. Gan and C. Ma and J. Wu},
title = {Data Clustering Theory, Algorithms, and Applications},
publisher = {SIAM},
year = {2007} }

@inproceedings {Keogh02,
Author = {Keogh, E. and Kasetty, S.},
Title = {On the Need for Time Series Data Mining Benchmarks: A Survey and Empirical Demonstration.},
BookTitle = {the 8th ACM SIGKDD International Conference on Knowledge Discovery and Data Mining},
Pages = {102-111},
Year = {2002} }

@inproceedings {Lenzo00,
Author = {K. A. Lenzo and A. W. Black},
Title = {Diphone Collection and Synthesis},
BookTitle = {ICSLP},
Place = {Beijing, China},
Year = {2000} }

@inproceedings {Isard86,
Author = {S. Isard and D. Miller},
Title = {Diphone Synthesis Techniques},
BookTitle = {Proceedings of the IEE International Conference on Speech Input/Output},
Pages = {77-82},
Year = {1986} }


@inproceedings {Silva04,
Author = {Enio Silva and Marcus Pantoja and Jackline Celidnio and Aldebaro Klautau},
Title = {Modelos de Linguagem N-grama para Reconhecimento de Voz com Grande Vocabulrio},
BookTitle = {TIL2004 - 2. Workshop em Tecnologia da Informao e da Linguagem Humana},
City = {Salvador},
Year = {2004} }

@inproceedings {Velho04,
Author = {Paula Lucena Rodrigues and Bruno Feij and Luiz Velho},
Title = {Expressive Talking Heads: uma ferramenta de animao com fala e
expresso facial sincronizadas para o desenvolvimento de aplicaes interativas},
BookTitle = {Proceedings of Webmdia. SBC},
Pages = {},
Year = {2004} }

@article{Fagundes03,
  author   = {R. Fagundes and I. Sanches},
  title    = {Uma nova abordagem fontico-fonolgica em sistemas de reconhecimento de fala espontnea},
  journal  = {Revista da Sociedade Brasileira de Telecomunicaes},
  volume   = {95},
  year     = {2003}
}

@inproceedings {Seara03,
Author = {I. {Seara~et~al}},
Title = {Gerao Automtica de Variantes de Lxicos do Portugus Brasileiro para Sistemas de Reconhecimento de Fala },
BookTitle = {XX Simpsio Brasileiro de Telecomunicaes},
Pages = {v.1. p.1-6},
Year = {2003} }

@article{Santos02,
  author   = {S. Santos and A. Alcaim},
  title    = {Um Sistema de Reconhecimento de Voz Contnua Dependente da Tarefa em Lngua Portuguesa},
  journal  = {Revista da Sociedade Brasileira de Telecomunicaes},
  volume   = {17},
  number   = {2},
  pages    = {135-147},
  year     = {2002}
}

@inproceedings {Ynoguti99,
Author = {Carlos Alberto Ynoguti and Fbio Violaro},
Title = {Influncia da Transcrio Fontica no Desempenho de Sistemas de Reconhecimento de Fala Contnua},
BookTitle = {XVII Simpsio Brasileiro de Telecomunicaes},
Pages = {449-454},
Year = {1999} }

@article{Pessoa99,
  author   = {L. Pessoa and F. Violaro and P. Barbosa},
  title    = {Modelos da Lingua Baseados em Classes de Palavras para Sistema de Reconhecimento de Fala Contnua},
  journal  = {Revista da Sociedade Brasileira de Telecomunicaes},
  volume   = {14},
  number   = {2},
  pages    = {75-84},
  month    = {Dez},
  year     = {1999}
}

@inproceedings {Pessoa99b,
Author = {L. Pessoa and F. Violaro and P. Barbosa},
Title = {Modelo de Lngua Baseado em Gramtica Gerativa Aplicado ao Reconhecimento de Fala Contnua},
BookTitle = {XVII Simpsio Brasileiro de Telecomunicaes},
Pages = {455-458},
Year = {1999} }

@article
{OSZ03,
  author   = {Alon Orlitsky and N. Santhanam and J. Zhang},
  title    = {Always Good Turing: Asymptotically Optimal Probability Estimation},
  journal  = {International Journal of Foundations of Computer Science},
  volume   = {},
  number   = {},
  pages    = {},
  month    = {to appear in October},
  year     = {2003}
}

@article
{Lung07,
  author   = {C.-H. Lung and C. Zhou and Y. Yang},
  title    = {Applying Hierarchical Agglomerative Clustering to Wireless Sensor Networks},
  journal  = {Proc. of the International Workshop on Theoretical and Algorithmic Aspects of Sensor and Ad-hoc Networks (WTASA)},
  volume   = {},
  number   = {},
  pages    = {},
  month    = {June},
  year     = {2007}
}

@article
{NikolaASRU03,
  author   = {N. Jevtic and A. Orlitsky},
  title    = {On the Relation Between Additive Smoothing and Universal Coding},
  journal  = {IEEE ASRU},
  year     = {2003}
}

@article
{WB91,
  author   = {I. H. Witten and T. C. Bell},
  title    = {The zero frequency problem: Estimating the probabilities of novel events in adaptive text compression},
  journal  = {IEEE Transactions on Information Theory},
  volume   = {37},
  number   = {4},
  pages    = {1085-94},
  month    = {July},
  year     = {1991}
}

@article
{KT81,
  author   = {R. E. Krichevsky and V. K. Trofimov},
  title    = {The performance of universal encoding},
  journal  = {IEEE Transactions on Information Theory},
  volume   = {27},
  number   = {2},
  pages    = {199-207},
  month    = {March},
  year     = {1981}
}

@inproceedings{Keogh00,
  author =   {Eamonn J. Keogh and Michael J. Pazzani},
  title =    {Scaling up dynamic time warping for datamining applications},
  booktitle = {Knowledge Discovery and Data Mining (KDD)},
  pages = {285-289},
  year =     {2000},
}

@inproceedings{Keogh05,
  author =   {Keogh, E. and Ratanamahatana, C.},
  title =    {Exact indexing of dynamic time warping.},
  booktitle = {Knowledge and Information Systems},
  pages = {358-386},
  year = {2005},
}

@inproceedings{Yi98,
  author =   {Yi, B. and Jagadish, H. and Faloutsos, C.},
  title =    {Efficient rerieval of similar time sequences under time warping},
  booktitle = {Proceedings of the fourteen international conference on data engineering},
  pages = {201-208},
  year = {1998},
}
@article{Gunopulos00,
  author   = {D. Gunopulos and G. Das},
  title    = {Time series similarity measures (tutorial PM-2)},
  journal  = {In Tutorial notes of the sixty ACM SIGKDD international conference on knowledge discovery and data mining},
  volume   = {12},
  number   = {6},
  pages    = {243-307},
  year     = {2000}
}

@inproceedings{Zhao02,
  author =   {G. Karypis and Y. Zhao},
  title =    {Evaluation of Hierarchical Clustering Algorithms for Document Datasets},
  booktitle  = {Conference on Information and Knowledge Management},
  pages = {515-524},
  year =     {2002},
}



@inproceedings{Yang04,
  author   = {K. Yang and C. Shahabi},
  title    = {A {PCA}-based Similarity Measure for Multivariate Time Series},
  booktitle  = {in Proceedings of the 2{nd} ACM International Workshop on Multimedia DataBases},
  pages    = {65-74},
  year     = {2004}
}

@article{Gunopulos01,
  author   = {D. Gunopulos and G. Das},
  title    = {Time series similarity measures and time series indexing.},
  journal  = {In SIGMOD 01: Proceedings of the 2001 ACM SIGMOD international conference on management of data},
  pages    = {624},
  year     = {2001}
}

@article
{Kuhn90,
  author   = {R. Kuhn and R De Mori},
  title    = {A cache-based natural language model for speech recognition},
  journal  = {IEEE Transactions on Pattern Analysis and Machine Intelligence},
  volume   = {12},
  number   = {6},
  pages    = {570-583},
  month    = {June},
  year     = {1990}
}

@article
{ CG94,
  author   = {W. A. Gale and K. W. Church},
  title    = {What's Wrong with Adding One},
  journal  = {Corpus-Based Research Into Language (Oosdijk, N. and de Haan, P., eds)},
  volume   = {},
  number   = {},
  pages    = {},
  month    = {},
  year     = {1994}
}

@article
{CG99,
  author   = {S. F. Chen and J. Goodman},
  title    = {An empirical study of smoothing techniques for language modeling},
  journal  = {Computer Speech and Language},
  volume   = {13},
  number   = {},
  pages    = {359-394},
  month    = {},
  year     = {1999}
}



@article{ G01,
  author = {J. Goodman},
  title = {A Bit of Progress in Language Modeling},
  journal  = {Computer Speech and Language},
  volume   = {},
  number   = {},
  pages    = {403-434},
  month    = {October},
  year = {2001},
}


@article
{NMW97,
  author   = {H. Ney and S. Martin and F. Wessel},
  title    = {Statistical Language Modeling using Leaving-one-out},
  journal  = {In Corpus Based Methods in Language and Speech Processing},
  volume   = {},
  number   = {},
  pages    = {174-207},
  month    = {},
  year     = {1997}
}

@article
{JM80,
  author   = {F. Jelinek and R. L. Mercer},
  title    = {Interpolated Estimation of Markov Source Parameters from Sparse Data},
  journal  = {Proceedings of the Workshop on Pattern Recognition in Practice},
  volume   = {},
  number   = {},
  pages    = {381-397},
  month    = {May},
  year     = {1980}
}

@book
{ChTh,
  author    = {S. F. Chen},
  title     = {Building Probabilistic Models for Natural Language},
  publisher = {PhD Thesis},
  address   = {},
  year      = {1996},
  url       = {}
}



@book{Bremaud10,
  author    = {Pierre Bremaud},
  title     = {Markov Chains: Gibbs Fields, Monte Carlo Simulation, and Queues },
  publisher = {Springer},
  address   = {},
  year      = {2010},
}

@article
{Br92,
  author   = {P. F. Brown and S. A. Della Pietra and V. J. Della Pietra and J. C. Lai and R. L. Mercer},
  title    = {An Estimate of an Upper Bound for the Entropy of English},
  journal  = {Computational Linguistics},
  volume   = {18},
  number   = {},
  pages    = {31-40},
  month    = {},
  year     = {1992}
}

@article
{ KN95,
  author   = {R. Kneser and H. Ney},
  title    = {Improved Backing-off for M-gram Language Modeling},
  journal  = icassp,
  volume   = {1},
  number   = {},
  pages    = {181-184},
  month    = {May},
  year     = {1995}
}

@article
{ NEK94,
  author   = {H. Ney and U. Essen and R. Kneser},
  title    = {On Structuring Probabilistic Dependences in Stochastic Language Modeling},
  journal  = {Computer Speech and Language},
  volume   = {8},
  number   = {},
  pages    = {1-38},
  month    = {},
  year     = {1994}
}

@article
{NE91,
  author   = {H. Ney and U. Essen},
  title    = {On Smoothing Techniques for Bigram-based Natural Language Modeling},
  journal  = icassp,
  volume   = {2},
  number   = {},
  pages    = {825-829},
  month    = {},
  year     = {1991}
}

@article
{ BJM83,
  author   = {L. Bahl and F. Jelinek and R. Mercer},
  title    = {A Maximum Likelihood Approach to Continuous Speech Recognition},
  journal  = {IEEE Transactions on Pattern Analysis and Machine Intelligence},
  volume   = {5},
  number   = {2},
  pages    = {179-190},
  month    = {},
  year     = {1983}
}


@article { Ord98,
  author   = {E. Ordentlich and T. M. Cover},
  title    = {The cost of achieving the best portfolio in hindsight},
  journal  = {Mathematics of Operations Research},
  volume   = {23},
  number   = {4},
  pages    = {960-982},
  month    = {November},
  year     = {1998}
}

@article { Xie97,
  author   = {Q. Xie and A. R. Barron},
  title    = {Minimax Redundancy for the Class of Memoryless Sources},
  journal  = {IEEE Transactions on Information Theory},
  volume   = {43},
  number   = {2},
  pages    = {646-657},
  month    = {March},
  year     = {1997}
}

@article { Xie00,
  author   = {Q. Xie and A. R. Barron},
  title    = {Asymptotic Minimax Regret for Data Compression, Gambling and Prediction},
  journal  = {IEEE Transactions on Information Theory},
  volume   = {46},
  number   = {2},
  pages    = {431-445},
  month    = {March},
  year     = {2000}
}

@article { Haym56 ,
  author   = {W. K. Hayman},
  title    = {A Generalization of Stirling's Formula},
  journal  = {J. reine angew. Math.},
  volume   = {},
  number   = {196},
  pages    = {67-95},
  month    = {},
  year     = {1956}
}


@article { Sht87,
  author   = {Y. M. Shtarkov},
  title    = {Universal Sequential Coding of Single Messages},
  journal  = {Problems of Information Transmission},
  volume   = {23},
  number   = {3},
  pages    = {3-17},
  month    = {July-Sept.},
  year     = {1987}
}

@article{ Merh98,
  author   = {N. Merhav and M. Feder},
  title    = {Universal Prediction},
  journal  = {IEEE Transactions on Information Theory},
  volume   = {44},
  number   = {6},
  pages    = {2124-2147},
  month    = {October},
  year     = {1998}
}

@article{ Barr98,
  author   = {A. Barron and J. Rissanen and B. Yu},
  title    = {Minimum Description Length in Coding and Modeling},
  journal  = {IEEE Transactions on Information Theory},
  volume   = {44},
  number   = {6},
  pages    = {2743-2760},
  month    = {October},
  year     = {1998}
}

@book
{ Lap,
  author    = {P. S. de Laplace},
  title     = {Essay Philosophique sur la Probabilit\'es},
  publisher = {Courcier Imprimeur},
  address   = {Paris},
  year      = {1816},
  url       = {}
}

@book
{ Jeff,
  author    = {H. Jeffreys},
  title     = {Theory of Probability},
  publisher = {Clarendon},
  address   = {Oxford},
  year      = {1939},
  url       = {}
}


@article
{JOS02,
  author   = {N. Jevti\'c and A. Orlitsky and N. Santhanam},
  title    = {Universal Compression of Unknown Alphabets},
  journal  = {IEEE International Symposium on Information Theory},
  volume   = {},
  number   = {},
  pages    = {},
  month    = {July},
  year     = {2002}
}

@inproceedings{Klautau03-icml,
  author    = {A. Klautau and N. Jevti\'c and A. Orlitsky},
  title     = {Discriminative {G}aussian Mixture Models: {A} Comparison with Kernel Classifiers.},
  booktitle = {ICML},
  year      = {2003},
  pages     = {353-360}
}


@inproceedings {Imbiriba04,
Author = {T. Imbiriba and A. Klautau and N. Parihar and S. Raghavan and J. Picone},
Title = {{GMM} And Kernel-Based Speaker Recognition with the {ISIP} Toolkit},
BookTitle = {Proceedings of the 2004 IEEE International Workshop on Machine Learning for Signal Processing},
Pages = {371-380},
City = {Sao Luis},
Country = {Brazil},
Month = {September},
Year = {2004} }


@article {Chengalvarayan97,
Author = {R. Chengalvarayan and Li Deng},
Title = {Use of generalized dynamic feature parameters for speech recognition},
Journal = {IEEE Transactions on Speech and Audio Processing},
Volume = {5},
Pages = {232-242},
Year = {1997} }



@INPROCEEDINGS{Dutoit96,
  author        = {T. Dutoit and V. Pagel and N. Pierret and F. Bataille and O. V. der Vrecken},
  title         = {The {MBROLA} project: {T}owards a Set of High Quality Speech Synthesizers Free of Use for Non Commercial Purposes},
  booktitle     = {Proc. ICSLP '96},
  address       = {Philadelphia, PA},
  month         = {October},
  year          = {1996},
  volume        = {3},
  pages         = {1393--1396},
}
@INPROCEEDINGS{Dutoit94,
  author        = {T. Dutoit},
  title         = {High Quality Text-to-Speech Synthesis: a Comparison of four Candidate Algorithms},
  booktitle     = {Proc. ICASSP '94},
  address       = {Adelaide, Austrailia},
  month         = {April},
  year          = {1994},
  pages         = {{I--565}--{I--568}},
}


@article {Gardner95,
Author = {W. Gardner and B. Rao},
Title = {Theoretical Analysis of The High-Rate Vector Quantization of {LPC} Parameters},
Journal = {IEEE Trans. On Speech and Audio Processing},
Volume = {3},
Pages = {367-381},
Year = {1995} }


@inproceedings {Fritsch96,
Author = {J. Fritsch and I. Rogina},
Title = {The Bucket Box Intersection ({BBI}) Algorithm for fast approximative evaluation of Diagonal Mixture {G}aussians},
BookTitle = {ICASSP},
Pages = {837-840},
Year = {1996} }


@misc{Elkan97,
  author = "C. Elkan",
  title = "Boosting and Naive Bayesian learning",
  text = "Elkan, C. (1997), Boosting and Naive Bayesian learning, Technical report,
    Department of Computer Science and Engineering, University of California,
    San Diego.",
  year = "1997",
  url = "citeseer.nj.nec.com/elkan97boosting.html" }


@book{Fant60,
   Author = {G. Fant},
   Title = {Acoustic theory of speech production},
   Publisher = {Mounton \& CO},
   Edition = {1st},
 Year = {1960} }


@book{Flanagan72,
   Author = {Flanagan, J. L.},
   Title = {Speech Analysis, Synthesis and Perception},
   Publisher = {Springer},
   Address = {New York},
 Year = {1972} }


@book{Fant75,
   Author = {Fant, Gunnar},
   Title = {Speech perception and automatic recognition},
   Publisher = {Almqvist \& Wiksell International ; Wiley},
   Series = {Speech communication ; v. 3.},
   Year = {1975} }

@inproceedings {Fritsch97,
Author = {J. Fritsch},
Title = {{ACID}/{HNN}: A Framework for Hierchical Connectionist Acoutic Modeling},
BookTitle = {Workshop on Automatic Speech Recognition and Understanding},
Year = {1997} }



@article {Allwein00,
Author = {Allwein, E. and Schapire, R. and Singer, Y.},
Title = {Reducing multiclass to binary: {A} unifying approach for margin classifiers},
Journal = {Journal of Machine Learning Research},
Pages = {113-141},
Year = {2000} }


@book {Gersho98,
Author = {Gersho, A. and Gray, R.},
Title = {Vector Quantization and Signal Compression},
Publisher = {Kluwer},
Year = {1992} }


@inproceedings {Fine02,
Author = {Fine, S. and Saon, G. and Gopinath, R.},
Title = {Digits Recognition in a Noisy Environment via a Sequential {GMM}/{SVM} System},
BookTitle = {ICASSP},
Year = {2002} }


@article {Freund99,
Author = {Freund, Y. and Schapire, R. and Abe, N.},
Title = {A short introduction to boosting},
Journal = {Journal of Japanese Society for Artificial Intelligence},
Volume = {14},
Number = {5},
Pages = {771-80},
Year = {1999} }


@techreport {Friedman96,
Author = {Friedman, J.},
Title = {Another approach to polychotomous classification},
Institution = {Stanford University},
Year = {1996} }


@phdthesis {Ganapathiraju02,
Author = {Ganapathiraju, A.},
Title = {Support Vector Machines for Speech Recognition},
School = {Mississippi State University},
Year = {2002} }


@inproceedings {Ganapathiraju98,
Author = {Ganapathiraju, A. and Hamaker, J. and Picone, J.},
Title = {Support Vector Machines for Speech Recognition},
BookTitle = {ICSLP},
Year = {1998} }



@inproceedings {Freund95,
author = "Y. Freund and R. Schapire",
title = "A decision-theoretic generalization of on-line learning and an application to boosting",
booktitle = "European Conf. on Computational Learning Theory",
pages = "23-37",
year = "1995",
url = "citeseer.nj.nec.com/article/freund95decisiontheoretic.html" }



@inproceedings {Fayyad93,
Author = {U. Fayyad and K. Irani},
Title = {Multi-interval discretization of continuous-valued attributes for classification learning},
BookTitle = {13th International Joint Conf. on Artificial Intelligence},
Pages = {1022-1027},
Year = {1993} }


@inproceedings {Freund96,
author = {Y. Freund and R. E. Schapire},
title = {Experiments with a New Boosting Algorithm},
booktitle = {International Conf. on Machine Learning},
pages = {148-156},
year = {1996} }


@inproceedings {Evgeniou00,
Author = {Evgeniou, T. and Pontil, M. and Papageorgiou, C. and Poggio, T.},
Title = {Image representations for object detection using kernel classifiers},
BookTitle = {Asian Conf. on Computer Vision},
Pages = {687-692},
Year = {2000} }



@inproceedings {Gutlein09,
Author = {Martin Gutlein and Eibe Frank and Mark Hall and Andreas Karwath},
Title = {Large-scale attribute selection using wrappers},
BookTitle = {IEEE Symposium on Computational Intelligence and Data Mining},
Year = {2009},
Pages = {332--339}}



@techreport {Friedman98,
Author = {Friedman, J. and T. Hastie and R. Tibshirani },
Title = {Additive Logistic Regression: A Statistical View of Boosting},
Institution = {Stanford, ftp://stat.stanford.edu/pub/friedman/boost.ps},
Year = {1998} }



@article {Gama00,
author = {J. Gama and P. Brazdil},
title = {Cascade Generalization},
journal = {Machine Learning},
volume = {41},
number = {3},
pages = {315-343},
year = {2000},
url = {citeseer.nj.nec.com/gama00cascade.html} }




@inproceedings {Evgeniou01,
Author = {Evgeniou, T. and Pontil, M. and Papageorgiou, C. and Poggio, T.},
Title = {Image representations for object detection using kernel classifiers},
BookTitle = {},
Year = {2001} }


@article{MarkHall09,
 author = {Hall, Mark and Frank, Eibe and Holmes, Geoffrey and Pfahringer, Bernhard and Reutemann, Peter and Witten, Ian H.},
 title = {The WEKA data mining software: an update},
 journal = {SIGKDD Explor. Newsl.},
 volume = {11},
 pages = {10--18},
 year = {2009}
 }

@phdthesis {Glickman93,
Author = {Glickman, M.},
Title = {Paired Comparison Models with Time-Varying Parameters},
School = {Harvard University},
Year = {1993} }


@string {ICASSP="IEEE International Conference on Acoustics,
Signal Processing"}


@string{EUROSPEECH="European Conference on Speech Communication and Technology"}





@article
{
B,
author   = {S. Bayer},
title    = {Embedding Speech in Web Interfaces},
journal  = {International Conference on Spoken Language Processing},
pages    = {1684-7},
month    = {Oct.},
year     = {1996}
}




@inproceedings {Fung01,
Author = {G. Fung and O. Mangasarian},
Title = {Proximal Support Vector Classifiers},
BookTitle = {KDD},
Pages = {77-86},
Year = {2001} }




@Manual{yh05,
  author =	 {Yasser EL-Manzalawy and Vasant Honavar},
  title =	 {{WLSVM}: Integrating LibSVM into Weka Environment},
  year =	 {2005},
  note =	 {Software available at \url{http://www.cs.iastate.edu/~yasser/wlsvm}}
}

@inbook{Dy07,
  author={J. G. Dy},
  title={Computational Methods of Feature Selection},
  chapter={Unsupervised feature selection},
  pages ={19--39},
  year ={2007}
}




@inproceedings {fisher:aaai89,
title="Noise-tolerant conceptual clustering",
author="D. H. Fisher",
booktitle="Proceedings of the Eleventh International Joint Conference on Artificial Intelligence",
pages="825-830",
year="1989",
address="San Francisco",
publisher="Morgan Kaufmann"
}



@article {Furnkranz02,
Author = {F\"urnkranz, J.},
Title = {Round Robin Classification},
Journal = {Journal of Machine Learning Research},
Volume = {2},
Pages = {721-747},
Year = {2002} }



@misc {CSLU-toolkit,
key = {CSLU},
Year = {Visited in March, 2005},
Title = {http://cslu.cse.ogi.edu/toolkit/} }




@misc {PSTL04,
key = {PSTL},
Title = {Patent {EP984430} - Speech recognizer with lexicon updateable by spelled word input,
http://gauss.ffii.org/PatentView/EP984430},
Year = {2004}
}

@article{Srinivas94b,
 author = {Srinivas, M. and Patnaik, Lalit M.},
 title = {Genetic algorithms: A Survey},
 journal = {Computer},
 volume = {27},
 number = {6},
 year = {1994},
 issn = {0018-9162},
 pages = {17--26},
 doi = {http://dx.doi.org/10.1109/2.294849},
 publisher = {IEEE Computer Society Press},
 address = {Los Alamitos, CA, USA},
 }

@inbook {Goh09,
author = {C. Goh and K. Tan},
title = {Evolutionary Multi-objective Optimization in Uncertain Environments},
publisher = {Polish Academy of Sciences},
address = {},
year = {2009},
type = {},
chapter = {},
Editor = {Prof. Janusz Kacprzyk} }



@book {Braga00,
Author = {A. Braga and A. P. Carvalho and T. B. Ludemir },
Title = {Redes Neurais Artificiais: teoria e aplicações },
Publisher = {LTC},
Year = {2000} }
=======
% This file was created with JabRef 2.5.
% Encoding: Cp1252

@STRING{EUROSPEECH = {European Conference on Speech Communication and Technology}}

@STRING{ICASSP = {IEEE International Conference on Acoustics, Signal Processing}}

@MASTERSTHESIS{Simoes99,
  author = {Fl\'{a}vio Olmos Sim\~{o}es},
  title = {Implementa\c{c}\~{a}o de um sistema de convers\~{a}o texto-fala para
	o portugu\^{e}s do {Brasil}},
  school = {Unicamp},
  year = {1999}
}



@INPROCEEDINGS{Abe,
  author = {H. Abelson},
  title = {Lower Bounds on Information Transfer in Distributed Computations},
  booktitle = {Proceedings of the 19th Annual Symposium on Foundations of Computer
	Science},
  year = {1978}
}

@INBOOK{Abraham05,
  title = {Evolutionary Multiobjective Optimization. Theoretical Advances and
	Applications},
  publisher = {Springer},
  year = {2005},
  author = {A. Abraham and L. Jain and R. Goldberg}
}

@BOOK{Acero93,
  title = {Acoustical and environmental robustness in automatic speech recognition},
  publisher = {Kluwer Academic Publishers},
  year = {1993},
  author = {A. Acero},
  address = {Boston}
}

@INPROCEEDINGS{Aggarwal99,
  author = {Aggarwal, C. and Procopiuc C. and Wolf J., et al.},
  title = {Fast Algorithms for Project Clustering},
  booktitle = {In: Proceedings of the ACM SIGMOD Conference on Management od Data},
  year = {1999},
  pages = {61-72}
}

@PHDTHESIS{aha:thesis90,
  author = {D. W. Aha},
  title = {A study of instance-based algo\-rithms for supervised learning tasks:
	Mathematical, empirical, and psychological evaluations},
  school = {Department of Information \& Computer Science, University of California,
	Irvine},
  year = {1990}
}

@ARTICLE{Aka91,
  author = {Aha, David W. and Kibler, Dennis and Albert, Marc K.},
  title = {Instance-Based Learning Algorithms},
  journal = {Mach. Learn.},
  year = {1991},
  volume = {6},
  pages = {37--66},
  number = {1}
}

@BOOK{Allen87,
  title = {From text to speech: {T}he MITalk system},
  publisher = {Cambridge University Press},
  year = {1987},
  author = {Jonathan Allen and M. Sharon Hunnicutt and Dennis H. Klatt and Robert
	C. Armstrong and David B. Pisoni},
  isbn = {0-521-30641-8}
}


@INPROCEEDINGS{Alon03,
  author = {Alon, J. and Sclaroff, S. and Kollios, G. and Pavlovic, V.},
  title = {Discovering clusters in motion time-series data},
  booktitle = {IEEE Computer Society Conference on Computer Vision and Pattern Recognition},
  year = {2003},
  pages = {375}
}


@ARTICLE{Baggenstoss01,
  author = {Baggenstoss, P.},
  title = {A modified {B}aum-{W}elch algorithm for hidden {M}arkov models with
	multiple observation spaces},
  journal = {IEEE Trans. on Speech and Audio Proc.},
  year = {2001},
  volume = {9},
  pages = {411-16},
  number = {4}
}

@INPROCEEDINGS{Bahl86,
  author = {L. Bahl and P. Brown and P. de~Souza and R.L. Mercer (1986).},
  title = {Maximum Mutual Information Estimation of Hidden {M}arkov Model Parameters
	for Speech Recognition},
  booktitle = {ICASSP},
  year = {1986},
  pages = {49-52}
}



@ARTICLE{Baum67,
  author = {L. Baum and J. Eagon},
  title = {An inequality with applications to statistical estimation for probabilistic
	functions of {M}arkov processes and to a model for ecology},
  journal = {Bulletin of the AMS},
  year = {1967},
  volume = {73},
  pages = {360-363}
}

@ARTICLE{B,
  author = {S. Bayer},
  title = {Embedding Speech in Web Interfaces},
  journal = {International Conference on Spoken Language Processing},
  year = {1996},
  pages = {1684-7},
  month = {Oct.}
}

@ARTICLE{Beaufays00,
  author = {Beaufays, F. and Bourlard, H. and Franco, H. and Morgan, N.},
  title = {Neural Networks in Automatic Speech Recognition},
  journal = {in The Handbook of Brain Theory and Neural Networks},
  year = {2000},
  publisher = {MIT Press}
}

@ARTICLE{Bentley79,
  author = {J. Bentley},
  title = {Multidimensional Binary Search Trees in Database Applications},
  journal = {IEEE Transactions on Software Engineering},
  year = {1979},
  volume = {5},
  pages = {333-340},
  number = {4}
}

@INPROCEEDINGS{Berger99,
  author = {A. Berger},
  title = {Error-correcting output coding for text classification},
  booktitle = {IJCAI: Workshop on machine learning for information filtering},
  year = {1999}
}

@BOOK{BERRY97,
  title = {Data Mining Techniques - for Marketing, Sales, and Customer Support},
  publisher = {New York: John Wiley \& Sons},
  year = {1997},
  author = {BERRY, M. J. A. and LINOFF, G. }
}

@BOOK{Bhat04,
  title = {Numerical Analysis In Engineering},
  publisher = {Alpha Science International},
  year = {2004},
  author = {R. B. Bhat and S. Chakraverty }
}

@INPROCEEDINGS{Bickley02,
  author = {C. Bickley and E. Bruckert},
  title = {Improvements in the voice quality of DECtalk/spl reg/},
  booktitle = {Proceedings of 2002 IEEE Workshop on Speech Synthesis},
  year = {2002},
  pages = {55-58}
}

@BOOK{Bishop95,
  title = {Neural networks for pattern recognition},
  publisher = {Oxford Univerisy Press},
  year = {1995},
  author = {C. Bishop}
}

@INPROCEEDINGS{Black98,
  author = {A. Black and K. Lenzo and V. Pagel},
  title = {Issues in Building General Letter to Sound Rules},
  booktitle = {ESCA Synthesis Workshop, Australia 1998},
  year = {1998},
  url = {citeseer.ist.psu.edu/black98issues.html}
}

@MISC{Blake98,
  author = {C.L. Blake and C.J. Merz},
  title = {{UCI} Repository of machine learning databases},
  year = {1998},
  institution = {University of California, Irvine, Dept. of Information and Computer
	Sciences},
  url = {http://www.ics.uci.edu/$\sim$mlearn/MLRepository.html}
}


@MISC{Libsvm,
  author = {Chih-Chung Chang and Chih-Jen Lin},
  title = {{LIBSVM} - A Library for Support Vector Machines},
  year = {Acessed in 2011},
  url = {http://www.csie.ntu.edu.tw/~cjlin/libsvm/}
}

@PHDTHESIS{Blickle96,
  author = { T. Blickle},
  title = {Theory of evolutionary algorithms and application to system synthesis},
  school = {Swiss Federal Institute of Technology},
  year = {1996}
}

@ARTICLE{Blum97,
  author = {Blum, A. and Langley, P.},
  title = {Selection of relevant features and examples in machine learning},
  journal = {Artificial Intelligence},
  year = {1997},
  pages = {245-271}
}

@ARTICLE{Bourlard98,
  author = {Bourlard, H. and Dupont, S. and Ris, C.},
  title = {Multi-stream speech recognition},
  journal = {CC-AI, The Journal for the Integrated Study of Artificial Intelligence,
	Cognitive Science and Applied Epistemology},
  year = {1998},
  volume = {15},
  pages = {215-34},
  number = {3}
}

@ARTICLE{Bourlard96,
  author = {Bourlard, H. and Hermansky, H. and Morgan, N.},
  title = {Towards increasing speech recognition error rates},
  journal = {Speech Communication},
  year = {1996},
  volume = {18},
  pages = {205-31},
  number = {3}
}

@BOOK{Bourlard94,
  title = {Connectionist speech recognition},
  publisher = {Kluwer},
  year = {1994},
  author = {H. Bourlard and N. Morgan}
}

@ARTICLE{Braga-Neto07,
  author = {U. Braga-Neto},
  title = {Fads and fallacies in the name of small-sample microarray classification
	- {A} highlight of misunderstanding and erroneous usage in the applications
	of genomic signal processing},
  journal = {IEEE Signal Processing Magazine},
  year = {2007},
  volume = {24},
  pages = {91-99},
  month = {Jan.}
}

@MASTERSTHESIS{Bragatto09,
  author = {Bragatto, Ticiano A. C.},
  title = {Uma nova metodologia para categorizaï¿œï¿œo de veï¿œculos terrestres
	baseada em momentos e mï¿œtricas de desempenho e complexidade computacional},
  school = {Faculdade de Tecnologia. Universidade de Brasï¿œlia - UNB},
  year = {2009}
}

@BOOK{Breiman84,
  title = {Classification and Regression Trees},
  publisher = {Wadsworth},
  year = {1984},
  author = {L. Breiman and J. Friedman and R. Olshen and C. Stone}
}

@PHDTHESIS{Brindle81,
  author = { A. Brindle},
  title = {Genetic algorithms for function optimization},
  school = {University of Alberta},
  year = {1981}
}

@PHDTHESIS{Brown87,
  author = {P. Brown},
  title = {The acoustic-modeling problem in automatic speech recognition},
  school = {Carnegie Mellon University},
  year = {1987}
}


@ARTICLE{Burges98,
  author = {Burges, Christopher J.C.},
  title = {A Tutorial on Support Vector Machines for Pattern Recognition},
  journal = {Data Mining and Knowledge Discovery},
  year = {1998},
  volume = {2},
  pages = {1--43},
  number = {2}
}

@INPROCEEDINGS{Antoniou99,
  author = {C. Antoniou, J. Reynolds},
  title = {Using Modular/ensemble Neural Networks For The Acoustic Modelling
	Of Speech},
  booktitle = {ASRU},
  year = {1999}
}


@MASTERSTHESIS{Cardoso08,
  author = {C. Cardoso},
  title = {Hierarchical Agglomerative Clustering Applied to Labeling Transmission
	Line Faults},
  school = {Federal University of Para},
  year = {2008},
  note = {In preparation}
}

@MASTERSTHESIS{Carlatonio01,
  author = {Carlatonio, L.},
  title = {Novas Metodologias para Clusterizaï¿œï¿œo de Dados},
  school = {COPPE/UFRJ},
  year = {2001}
}

@BOOK{Castelli02,
  title = {Image Databases - Search and Retrieval of Digital Imagery},
  publisher = {John Wiley and Sons},
  year = {2002},
  author = {Castelli, V. and Bergman, L.}
}


@ARTICLE{Chengalvarayan98,
  author = {R. Chengalvarayan and Li Deng},
  title = {Speech Trajectory Discrimination Using the Minimum Classification
	Error Learning},
  journal = {IEEE Transactions on Speech and Audio Processing},
  year = {1998},
  volume = {6},
  pages = {505-515}
}


@INBOOK{Cherkassky98,
  title = {Learning from Data --- Concepts, Theory and Methods},
  publisher = {John Wiley \& Sons},
  year = {1998},
  author = {Cherkassky, V. and Mulier, F.},
  address = {New York}
}

@INPROCEEDINGS{Christensen00,
  author = {Christensen, H. and Lindberg, B. and Andersen, O.},
  title = {Employing heterogeneous information in a multi-stream framework},
  booktitle = {ICASSP},
  year = {2000},
  volume = {3},
  pages = {1571-4}
}

@INPROCEEDINGS{Clarkson99,
  author = {Clarkson, P. and Moreno, P.},
  title = {On the use of support vector machines for phonetic classification},
  booktitle = {ICASSP},
  year = {1999},
  pages = {585-8 vol.2}
}

@INPROCEEDINGS{Cole83,
  author = {R. Cole and R. Stern and M. Phillips and S. Brill and A. Pilant and
	P. Specker},
  title = {Feature-based speaker-independent recognition of isolated english
	letters},
  booktitle = {ICASSP},
  year = {1983},
  pages = {731-734}
}

@ARTICLE{Collobert01,
  author = {R. Collobert and S. Bengio},
  title = {{SVMTorch}: Support Vector Machines for Large-Scale Regression Problems},
  journal = {Journal of Machine Learning Research},
  year = {2001},
  volume = {1},
  pages = {143-160},
  number = {2}
}

@ARTICLE{Cortes95,
  author = {C. Cortes and V. Vapnik},
  title = {Support-Vector Networks},
  journal = {Machine Learning},
  year = {1995},
  volume = {20},
  pages = {273-297},
  number = {3},
  url = {citeseer.nj.nec.com/cortes95supportvector.html}
}

@ARTICLE{Crammer02,
  author = {Crammer, K. and Singer, Y.},
  title = {On the algorithmic implementation of multiclass kernel-based vector
	machines},
  journal = {Journal of Machine Learning Research},
  year = {2002},
  volume = {2},
  pages = {265-292},
  number = {2}
}

@ARTICLE{Crammer02b,
  author = {Crammer, K. and Singer, Y.},
  title = {On the learnability and design of output codes for multiclass problems},
  journal = {Machine Learning},
  year = {2002},
  volume = {47},
  pages = {201-33},
  number = {2-3}
}

@ARTICLE{Crammer01,
  author = {Crammer, K. and Singer, Y.},
  title = {On the algorithmic implementation of multiclass kernel-based vector
	machines},
  journal = {Journal of Machine Learning Research},
  year = {2001},
  pages = {265-292}
}

@INPROCEEDINGS{Crammer00,
  author = {Crammer, K. and Singer, Y.},
  title = {On the learnability and design of output codes for multiclass problems},
  booktitle = {COLT},
  year = {2000}
}

@BOOK{Cristianini00,
  title = {An introduction to support vector machines and other kernel-based
	learning methods},
  publisher = {Cambridge Univ. Press},
  year = {2000},
  author = {Cristianini, N. and Shawe-Taylor, J.}
}

@BOOK{Cunha00,
  title = {Nova Gramatica do Portugues Moderno},
  publisher = {Edicoes Joao Sa da Costa},
  year = {2000},
  author = {Celso Cunha and Lindley Cintra}
}

@INPROCEEDINGS{Das01,
  author = {Das, S.},
  title = {Filters, wrappers and a boosting-based hybrid for feature selection},
  booktitle = {International Conf. on Machine Learning},
  year = {2001},
  pages = {74-81}
}


@BOOK{David63,
  title = {The method of paired comparisons},
  publisher = {Charles Griffin},
  year = {1963},
  author = {David, H.}
}

@BOOK{Davis90,
  title = {Handbook of Genetic Algorithms},
  publisher = {VNR Comp. Library},
  year = {1990},
  author = {L. Davis}
}

@ARTICLE{Davis80,
  author = {Davis, S. and Merlmestein, P.},
  title = {Comparison of Parametric Representations for Monosyllabic Word Recognition
	in Continuously Spoken Sentences},
  journal = {IEEE Trans. on ASSP},
  year = {1980},
  pages = {357-366},
  month = {Aug.}
}

@TECHREPORT{Deb05,
  author = {K. Deb},
  title = {Practical Optimization Using Evolutionary Methods},
  institution = {Indian Institute of Technology Kanpur},
  year = {2005},
  number = {2005008}
}

@BOOK{Deb01,
  title = {Multi-Objective Optimization using Evolutionary Algorithms},
  publisher = {Wiley},
  year = {2001},
  author = {Kalyanmoy Deb}
}

@INBOOK{Deb99,
  chapter = {Evolutionary Algorithms for Multi-Criterion Optimization in Engineering
	Design},
  title = {Evolutionary Algorithms in Engineering and Computer Science},
  publisher = {Wiley},
  year = {1999},
  author = {K. Deb}
}

@ARTICLE{Deb99a,
  author = {K. Deb},
  title = {Multi-objective Genetic Algorithms: Problem Difficulties and Construction
	of Test Problems},
  journal = {Evolutionary Compution Journal},
  year = {1999},
  volume = {7},
  pages = {205-230}
}

@ARTICLE{Deb95,
  author = {K. Deb and R. B. Agrawal},
  title = {Simulated binary crossover for continuous search space},
  journal = {Complex Systems},
  year = {1995},
  volume = {9(2)},
  pages = {115-148}
}

@INPROCEEDINGS{Deb00,
  author = {Kalyanmoy Deb and S. Agrawal and A. Pratap},
  title = {A fast elitist non-dominated sorting genetic algorithm for multi-objective
	optimization: NSGA-II},
  booktitle = {Proceedings of the Parallel Problem Solving from Nature VI},
  year = {2000},
  pages = {849-858}
}



@ARTICLE{Dempster77,
  author = {A. Dempster and N. Laird and D. Rubin},
  title = {Maximum Likelihood from Incomplete Data via the {EM} Algorithm},
  journal = {Journal of the Royal Statistical Society (B)},
  year = {1977},
  volume = {39},
  pages = {pp. 1-22}
}

@ARTICLE{Deshmukh99,
  author = {N. Deshmukh and A. Ganapathiraju and J. Picone},
  title = {Hierarchical Search for Large-Vocabulary Conversational Speech Recognition},
  journal = {IEEE Signal Processing Magazine},
  year = {1999},
  pages = {84-107},
  month = {Sep.}
}

@ARTICLE{Dietterich98,
  author = {Dietterich, T.},
  title = {Approximate statistical tests for comparing supervised classification
	learning algorithms},
  journal = {Neural Computation},
  year = {1998},
  volume = {10},
  pages = {1895-1923},
  number = {7}
}

@ARTICLE{Dietterich95,
  author = {Dietterich, T. and Bakiri, G.},
  title = {Solving multiclass learning problems via error-correcting output
	codes},
  journal = {Journal of Artif. Intellig. Research},
  year = {1995},
  volume = {2},
  pages = {263-86}
}

@ARTICLE{DigNemP,
  author = {V. Digalakis and L. Neumeyer and M. Perakakis},
  title = {Quantization of Cepstral Parameters for Speech Recognition over the
	{W}orld {W}ide {W}eb},
  journal = {IEEE Journal on Sel. Areas in Communications},
  year = {1999},
  pages = {82-90},
  month = {Jan.}
}

@BOOK{Duda01,
  title = {Pattern classification},
  publisher = {Wiley},
  year = {2001},
  author = {R. Duda and P. Hart and D. Stork}
}

@BOOK{Dutoit01,
  title = {An Introduction to Text-To-Speech Synthesis},
  publisher = {Kluwer },
  year = {2001},
  author = {Thierry Dutoit},
  isbb = {1402003692}
}

@BOOK{Dutoit97,
  title = {An Introduction to Text-to-Speech Synthesis},
  publisher = {Kluwer},
  year = {1997},
  author = {Thierry Dutoit}
}

@INPROCEEDINGS{Dutoit94,
  author = {T. Dutoit},
  title = {High Quality Text-to-Speech Synthesis: a Comparison of four Candidate
	Algorithms},
  booktitle = {Proc. ICASSP '94},
  year = {1994},
  pages = {{I--565}--{I--568}},
  address = {Adelaide, Austrailia},
  month = {April}
}

@INPROCEEDINGS{Dutoit96,
  author = {T. Dutoit and V. Pagel and N. Pierret and F. Bataille and O. V. der
	Vrecken},
  title = {The {MBROLA} project: {T}owards a Set of High Quality Speech Synthesizers
	Free of Use for Non Commercial Purposes},
  booktitle = {Proc. ICSLP '96},
  year = {1996},
  volume = {3},
  pages = {1393--1396},
  address = {Philadelphia, PA},
  month = {October}
}

@MISC{EHLERS04,
  author = {EHLERS, Ricardo},
  title = {Anï¿œlise em Sï¿œries Temporais},
  year = {2004},
  text = {Departamento de Estatï¿œstica- UFPR},
  url = {www.icmc.usp.br/~ehlers/notas/stemp.pdf}
}

@INPROCEEDINGS{Sonbaty04,
  author = {El-Sonbaty, Y. and Ismail, M. and Farouk, M.},
  title = {An efficient density based clustering algorithm for large databases.},
  booktitle = {In 16th IEEE international conference on tools with artificial intelligence},
  year = {2004},
  pages = {673-677}
}

@INPROCEEDINGS{Evgeniou01,
  author = {Evgeniou, T. and Pontil, M. and Papageorgiou, C. and Poggio, T.},
  title = {Image representations for object detection using kernel classifiers},
  year = {2001}
}

@INPROCEEDINGS{Evgeniou00,
  author = {Evgeniou, T. and Pontil, M. and Papageorgiou, C. and Poggio, T.},
  title = {Image representations for object detection using kernel classifiers},
  booktitle = {Asian Conf. on Computer Vision},
  year = {2000},
  pages = {687-692}
}

@ARTICLE{Furnkranz02,
  author = {F\"urnkranz, J.},
  title = {Round Robin Classification},
  journal = {Journal of Machine Learning Research},
  year = {2002},
  volume = {2},
  pages = {721-747}
}


@BOOK{Fant75,
  title = {Speech perception and automatic recognition},
  publisher = {Almqvist \& Wiksell International ; Wiley},
  year = {1975},
  author = {Fant, Gunnar},
  series = {Speech communication ; v. 3.}
}

@BOOK{Fant60,
  title = {Acoustic theory of speech production},
  publisher = {Mounton \& CO},
  year = {1960},
  author = {G. Fant},
  edition = {1st}
}

@INPROCEEDINGS{Fayyad93,
  author = {U. Fayyad and K. Irani},
  title = {Multi-interval discretization of continuous-valued attributes for
	classification learning},
  booktitle = {13th International Joint Conf. on Artificial Intelligence},
  year = {1993},
  pages = {1022-1027}
}

@INPROCEEDINGS{Fayyad96,
  author = {Fayyad,U. and Piatetsky-S.,G. and Smyth,P.},
  title = {From Data Mining to Knowledge Discovery in Databases},
  booktitle = {AI magazine, Vol 17, N.3},
  year = {1996},
  pages = {37-57}
}

@BOOK{Fernandes03,
  title = {Inteligï¿œncia Artificial Noï¿œï¿œes Gerais},
  publisher = {Visual Books},
  year = {2003},
  author = {Fernandes, Anita M. R.}
}

@INPROCEEDINGS{Fine02,
  author = {Fine, S. and Saon, G. and Gopinath, R.},
  title = {Digits Recognition in a Noisy Environment via a Sequential {GMM}/{SVM}
	System},
  booktitle = {ICASSP},
  year = {2002}
}

@INPROCEEDINGS{fisher:aaai89,
  author = {D. H. Fisher},
  title = {Noise-tolerant conceptual clustering},
  booktitle = {Proceedings of the Eleventh International Joint Conference on Artificial
	Intelligence},
  year = {1989},
  pages = {825-830},
  address = {San Francisco},
  publisher = {Morgan Kaufmann}
}

@BOOK{Flanagan72,
  title = {Speech Analysis, Synthesis and Perception},
  publisher = {Springer},
  year = {1972},
  author = {Flanagan, J. L.},
  address = {New York}
}


@BOOK{Freitas02,
  title = {A Data Mining and Knowledge Discovery with Evolutionary Algorithms},
  publisher = {Springer},
  year = {2002},
  author = {Freitas, A}
}

@INPROCEEDINGS{Freund95,
  author = {Y. Freund and R. Schapire},
  title = {A decision-theoretic generalization of on-line learning and an application
	to boosting},
  booktitle = {European Conf. on Computational Learning Theory},
  year = {1995},
  pages = {23-37},
  url = {citeseer.nj.nec.com/article/freund95decisiontheoretic.html}
}

@ARTICLE{Freund99,
  author = {Freund, Y. and Schapire, R. and Abe, N.},
  title = {A short introduction to boosting},
  journal = {Journal of Japanese Society for Artificial Intelligence},
  year = {1999},
  volume = {14},
  pages = {771-80},
  number = {5}
}

@INPROCEEDINGS{Freund96,
  author = {Y. Freund and R. E. Schapire},
  title = {Experiments with a New Boosting Algorithm},
  booktitle = {International Conf. on Machine Learning},
  year = {1996},
  pages = {148-156}
}

@TECHREPORT{Friedman96,
  author = {Friedman, J.},
  title = {Another approach to polychotomous classification},
  institution = {Stanford University},
  year = {1996}
}

@TECHREPORT{Friedman98,
  author = {Friedman, J. and T. Hastie and R. Tibshirani },
  title = {Additive Logistic Regression: A Statistical View of Boosting},
  institution = {Stanford, ftp://stat.stanford.edu/pub/friedman/boost.ps},
  year = {1998}
}

@INPROCEEDINGS{Fritsch97,
  author = {J. Fritsch},
  title = {{ACID}/{HNN}: A Framework for Hierchical Connectionist Acoutic Modeling},
  booktitle = {Workshop on Automatic Speech Recognition and Understanding},
  year = {1997}
}

@INPROCEEDINGS{Fritsch96,
  author = {J. Fritsch and I. Rogina},
  title = {The Bucket Box Intersection ({BBI}) Algorithm for fast approximative
	evaluation of Diagonal Mixture {G}aussians},
  booktitle = {ICASSP},
  year = {1996},
  pages = {837-840}
}

@INPROCEEDINGS{Fung01,
  author = {G. Fung and O. Mangasarian},
  title = {Proximal Support Vector Classifiers},
  booktitle = {KDD},
  year = {2001},
  pages = {77-86}
}

@MASTERSTHESIS{Bisognin07,
  author = {G.Bisognin},
  title = {Utilizac\~ao de m\'aquinas de suporte vetorial para predic\~ao de
	estruturas terci\'arias de prote\'inas},
  school = {Universidade do Vale do Rio dos Sinos},
  year = {2007}
}


@ARTICLE{Gama00,
  author = {J. Gama and P. Brazdil},
  title = {Cascade Generalization},
  journal = {Machine Learning},
  year = {2000},
  volume = {41},
  pages = {315-343},
  number = {3},
  url = {citeseer.nj.nec.com/gama00cascade.html}
}


@PHDTHESIS{Ganapathiraju02,
  author = {Ganapathiraju, A.},
  title = {Support Vector Machines for Speech Recognition},
  school = {Mississippi State University},
  year = {2002}
}

@INPROCEEDINGS{Ganapathiraju98,
  author = {Ganapathiraju, A. and Hamaker, J. and Picone, J.},
  title = {Support Vector Machines for Speech Recognition},
  booktitle = {ICSLP},
  year = {1998}
}

@ARTICLE{Gaouda04,
  author = {Gaouda,A.},
  title = {Data Clustering and storing for Wide Area Power Quality Monitoring.},
  journal = {The International Journal of Electric Power System Research.},
  year = {2004},
  volume = {70},
  pages = {56-63}
}

@ARTICLE{Gardner95,
  author = {W. Gardner and B. Rao},
  title = {Theoretical Analysis of The High-Rate Vector Quantization of {LPC}
	Parameters},
  journal = {IEEE Trans. On Speech and Audio Processing},
  year = {1995},
  volume = {3},
  pages = {367-381}
}

@INBOOK{Gen00,
  title = {Genetic Algorithms and Engineering Optimization},
  publisher = {John Wiley and Sons, Inc},
  year = {2000},
  author = {Gen, M. and Cheng, R.}
}

@BOOK{Gersho98,
  title = {Vector Quantization and Signal Compression},
  publisher = {Kluwer},
  year = {1992},
  author = {Gersho, A. and Gray, R.}
}

@PHDTHESIS{Glickman93,
  author = {Glickman, M.},
  title = {Paired Comparison Models with Time-Varying Parameters},
  school = {Harvard University},
  year = {1993}
}

@INBOOK{Goh09,
  title = {Evolutionary Multi-objective Optimization in Uncertain Environments},
  publisher = {Polish Academy of Sciences},
  year = {2009},
  editor = {Prof. Janusz Kacprzyk},
  author = {C. Goh and K. Tan}
}

@BOOK{Goldberg02,
  title = {The Design of Innovation},
  publisher = {Kluwer},
  year = {2002},
  author = {David E. Goldberg},
  pages = {272},
  isbn = {1402070985}
}

@BOOK{Goldberg89,
  title = {Genetic Algorithms in Search, Optimization, and Machine Learning},
  publisher = {Addison-Wesley},
  year = {1989},
  author = {David Edward Goldberg}
}

@INPROCEEDINGS{Goldberg91,
  author = {David E. Goldberg and Kalyanmoy Deb},
  title = {A comparative analysis of selection schemes used in genetic algorithms},
  booktitle = {Foundations of Genetic Algorithms},
  year = {1991},
  pages = {69--93},
  publisher = {Morgan Kaufmann}
}

@INBOOK{Goldschmidt05,
  chapter = {Etapas do Processo de KDD},
  title = {Data Mining: um guia prï¿œtico},
  publisher = {ELSEVIER},
  year = {2005},
  author = {Goldschmidt, R. and Passos, E.}
}

@INPROCEEDINGS{Gomes98,
  author = {L. De C.T Gomes and E. J. Nagle and J.G. Chiquito},
  title = {Text-to-speech conversion system for Brazilian Portuguese using a
	formant-based synthesis technique},
  booktitle = {Telecommunications Symposium, 1998. ITS '98 Proceedings. SBT/IEEE
	International},
  year = {1998},
  pages = {219-224}
}

@BOOK{Gonzales92,
  title = {Digital Image Processing},
  publisher = {Addison-Wesley},
  year = {1992},
  author = {Gonzalez, R. and Woods, R.}
}

@MASTERSTHESIS{Goncalves00,
  author = {GONÇALVES, A. L.},
  title = {Utilização de Técnicas de Mineração de Dados na Análise dos Grupos
	de Pesquisa do Brasil},
  school = {Universidade Federal de Santa Catarina},
  year = {2000.}
}

@ARTICLE{Gopalakrishnan91,
  author = {P. Gopalakrishnan and D. Kanevsky and A. N\'{a}das and D. Nahamoo},
  title = {An inequality for rational functions with applications to some statistical
	estimation problems},
  journal = {IEEE Transactions on Information Theory },
  year = {1991},
  volume = {37},
  pages = {107-113}
}


@INPROCEEDINGS{Guidini06,
  author = {Guidini, M. and Ribeiros, C.},
  title = {Utiliza\c{c}\~ao da Biblioteca TerraLib para Algoritmos de Agrupamento
	em Sistemas de Informa\c{c}\~oes Geogr\'aficas.},
  booktitle = {VIII Brazilian Symposium on GeoInformatics},
  year = {2006},
  pages = {303-314}
}



@INPROCEEDINGS{Guruswami99,
  author = {Guruswami, V. and Sahai, A.},
  title = {Multiclass learning, boosting, and error-correcting codes},
  booktitle = {COLT},
  year = {1999},
  pages = {145-155}
}

@TECHREPORT{Batista97,
  author = {Gustavo, Enrique A.P.A and Batista, Maria C. M.},
  title = {Utilizando Mï¿œtodos Estatï¿œsticos de Resampling para Estimar a
	Performance de Sistemas de Aprendizado},
  institution = {Departamento de Ciï¿œncias da Computaï¿œï¿œo e Estatï¿œstica ICMSC/USP
	- ILTC},
  year = {1997}
}

@PHDTHESIS{Halberstadt98,
  author = {Halberstadt, A.},
  title = {Heterogeneous acoustic measurements and multiple classifiers for
	speech recognition},
  school = {MIT},
  year = {1998}
}

@PHDTHESIS{Hall99,
  author = {Hall, M.},
  title = {Correlation-based feature selection for machine learning},
  school = {University of Waikato},
  year = {1999}
}

@INPROCEEDINGS{Hamaker02,
  author = {Hamaker, J. and Picone, J. and Ganapathiraju, A.},
  title = {A Sparse Modeling Approach to Speech Recognition Based on Relevance
	Vector Machines},
  booktitle = {ICSLP},
  year = {2002}
}

@BOOK{Han06,
  title = {Data Mining: Concepts and Techniques},
  publisher = {Morgan Kaufmann},
  year = {2006},
  author = {Han, J. and Kamber,M.}
}

@BOOK{Hand01,
  title = {Principles of Data Mining},
  publisher = {Mit Press.},
  year = {2001},
  author = {David Hand and Heikki Mannila and Padhraic Smyth}
}

@ARTICLE{Hansona02,
  author = {Helen M. Hansona and Kenneth N. Stevens},
  title = {A quasiarticulatory approach to controlling acoustic source parameters
	in a {K}latt-type formant synthesizer using {HL}syn},
  journal = {J. Acoust. Soc. Am.},
  year = {2002},
  volume = {112},
  pages = {1158-82}
}

@INPROCEEDINGS{Hardt97,
  author = {Hardt, D. and Fellbaum, K.},
  title = {Spectral subtraction and {RASTA}-filtering in text-dependent {HMM}-based
	speaker verification},
  booktitle = {ICASSP},
  year = {1997},
  pages = {867-70}
}

@BOOK{Hass05,
  title = {Introduction to Computer Music: Volume One},
  publisher = {Indiana University},
  year = {2005},
  author = {Jeffrey Hass}
}

@ARTICLE{Hastie98,
  author = {Hastie, T. and Tibshirani, R.},
  title = {Classification by pairwise coupling},
  journal = {The Annals of Statistics},
  year = {1998},
  volume = {26},
  pages = {451-471},
  number = {2}
}

@ARTICLE{Hastie96,
  author = {T. Hastie and R. Tibshirani},
  title = {Discriminant analysis by {Gaussian} mixtures},
  journal = {J. Roy. Statistical Soc. series B},
  year = {1996},
  volume = {58},
  pages = {158--176}
}

@BOOK{Hastie01,
  title = {The elements of statistical learning},
  publisher = {Springer Verlag},
  year = {2001},
  author = {Hastie, T. and Tibshirani, R. and Friedman, J.}
}

@BOOK{Haupt98,
  title = {Practical Genetic Algorithms},
  publisher = {2nd, Wiley},
  year = {1998},
  author = {R. I. Haupt and S. E. Haupt}
}


@INPROCEEDINGS{Hazen98,
  author = {T. J. Hazen and A. K. Halberstadt},
  title = {Using aggregation to improve the performance of mixture {G}aussian
	acoustic models},
  booktitle = {ICASSP},
  year = {1998},
  pages = {653-656}
}

@BOOK{Herbrich02,
  title = {Learning Kernel Classifiers: Theory and Algorithms},
  publisher = {MIT Press},
  year = {2002},
  author = {Herbrich, R.}
}

@ARTICLE{Hermansky90,
  author = {H. Hermansky},
  title = {Perceptual linear predictive ({PLP}) analysis of speech},
  journal = {Journal of the Acoustical Society of America},
  year = {1990},
  volume = {87},
  pages = {1738-52},
  number = {4},
  month = {Apr.}
}

@ARTICLE{Hermansky94,
  author = {H. Hermansky and N. Morgan},
  title = {RASTA processing of speech},
  journal = {IEEE Transactions on Speech and Audio Processing},
  year = {1994},
  volume = {2},
  pages = {578-89},
  number = {4},
  month = {Oct.}
}

@INPROCEEDINGS{Hinterding97,
  author = {Hinterding and Michalewicz and Eiben},
  title = {Adaptation in Evolutionary Computation: {A} Survey},
  booktitle = {{IEEECEP}: Proceedings of The {IEEE} Conference on Evolutionary Computation,
	{IEEE} World Congress on Computational Intelligence},
  year = {1997},
  url = {citeseer.ist.psu.edu/hinterding97adaptation.html}
}

@INPROCEEDINGS{Ho99,
  author = {C. W. Ho and K.H. Lee and K.S. Leung},
  title = {A genetic algorithm based on mutation and crossover with adaptive
	probabilities},
  booktitle = {Proceedings of the 1999 Congress on Evolutionary Computation, CEC
	99},
  year = {1999},
  volume = {1},
  pages = {775}
}

@BOOK{Holland75,
  title = {Adaptation in Natural and Artificial Systems},
  publisher = {Ann Arbor, University of Michigan Press},
  year = {1975},
  author = {John H. Holland}
}

@BOOK{Holmes01,
  title = {Speech Synthesis and Recognition},
  publisher = {T \& F STM},
  year = {2001},
  author = {J. N. Holmes and W. J. Holmes},
  isbb = {0748408576}
}


@PHDTHESIS{Hosom00,
  author = {J.-P. Hosom},
  title = {Automatic Time Alignment of Phonemes Using Acoustic-Phonetic Information},
  school = {Oregon Graduate Institute of Science and Technology},
  year = {2000}
}

@ARTICLE{Hsu02,
  author = {C.-W. Hsu and C.-J. Lin},
  title = {A comparison of methods for multi-class support vector machines},
  journal = {IEEE Transactions on Neural Networks},
  year = {2002},
  volume = {13},
  pages = {415-425},
  number = {2}
}

@BOOK{Huang90,
  title = {Hidden {M}arkov Models for Speech Recognition},
  year = {1990},
  author = {Huang and Ariki and Jack}
}

@BOOK{Huang01,
  title = {Spoken language processing},
  publisher = {Prentice-Hall},
  year = {2001},
  author = {Huang, X. and Acero, A. and Hon, H.-W.}
}

@INPROCEEDINGS{Imbens07,
  author = {G. W. Imbens and W. Newey and G. Rider},
  title = {Mean Squared Error for Average Treatment Effects},
  booktitle = {SSRN},
  year = {2007}
}


@BOOK{Inmon02,
  title = {Building the Data Warehouse},
  publisher = {Wiley Computer},
  year = {2002},
  author = {Inmon, W.H}
}


@ARTICLE{Itakura75,
  author = {Itakura, F.},
  title = {Line Spectrum Representation of Linear Predictor Coefficients of
	Speech Signals},
  journal = {J. Acoust. Soc. Amer.},
  year = {1975},
  volume = {57},
  pages = {pp. S35(A)}
}

@ARTICLE{Jaakkola00,
  author = {Jaakkola, T. and Diekhans, M. and Haussler, D.},
  title = {A discriminative framework for detecting remote protein homologies},
  journal = {Journal of Computational Biology},
  year = {2000},
  volume = {7},
  pages = {95--114},
  number = {1,2}
}

@MISC{Jaakkola98,
  author = {T. Jaakkola and D. Haussler},
  title = {Exploiting generative models in discriminative classifiers},
  year = {1998},
  text = {T. S. Jaakkola and D. Haussler. Exploiting generative models in discriminative
	classifiers. Preprint, Dept. of Computer Science, Univ. of California,
	available from http://www.cse.ucsc.edu/~haussler/pubs.html, 1998.},
  url = {citeseer.ist.psu.edu/jaakkola98exploiting.html}
}

@ARTICLE{Jain00,
  author = {Jain, A. and Duin, R. and Mao, J. },
  title = {Statistical pattern recognition: a review},
  journal = {IEEE Transactions on Pattern Analysis and Machine Intelligence},
  year = {2000},
  pages = {4-37}
}

@ARTICLE{Jain97,
  author = {Jain, A. and Zongker, D.},
  title = {Feature selection: evaluation, application and small sample performance},
  journal = {IEEE Transactions on Pattern Analysis and Machine Intelligence},
  year = {1997},
  pages = {153-158}
}

@ARTICLE{Jain99,
  author = {A. K. Jain and M. N. Murty and P. J. Flynn},
  title = {Data clustering: a review},
  journal = {ACM Computing Surveys},
  year = {1999},
  volume = {31},
  pages = {264--323},
  number = {3}
}

@INPROCEEDINGS{Jebara98,
  author = {Jebara, T. and Pentland, A.},
  title = {Maximum Conditional Likelihood via Bound Maximization and the CEM
	Algorithm },
  booktitle = {Neural Information Processing Systems 11},
  year = {1998}
}


@BOOK{Jelinek97,
  title = {Statistical methods for speech recognition},
  publisher = {MIT Press},
  year = {1997},
  author = {Jelinek, F.}
}


@INPROCEEDINGS{Jevtic01,
  author = {Jevti\'c, N. and Klautau A. and Orlitsky, A.},
  title = {Estimated rank pruning and {J}ava-based speech recognition},
  booktitle = {Automatic Speech Recognition and Understanding Workshop},
  year = {2001}
}


@ARTICLE{jones:mlj94,
  author = {R. M. Jones and K. VanLehn},
  title = {Acquisition of children's addition strategies: A model of impasse-free,
	knowledge-level learning},
  journal = {Machine Learning},
  year = {1994},
  volume = {16},
  pages = {11-36}
}

@BOOK{Junqua96,
  title = {Robustness in Automatic Speech Recognition},
  publisher = {Kluwer},
  year = {1996},
  author = {J.-C. Junqua and J.-P. Haton}
}

@MASTERSTHESIS{Stroeh09,
  author = {K.Stroeh},
  title = {Uma abordagem para correlac\~{a}o de eventos de seguranÃ§a baseada
	em t\'ecnicas de aprendizado de m\'aquinas},
  school = {Unicamp},
  year = {2009}
}

@INPROCEEDINGS{Kalidindi97,
  author = {Kalidindi, N. and Le, A. and Zheng, L. and Yaquin, H. and Rudis,
	V. and Picone, J.},
  title = {Scenic beauty estimate of forestry images},
  booktitle = {IEEE Southeastcon},
  year = {1997},
  pages = {337-339}
}

@ARTICLE{Kanedera99,
  author = {Kanedera, N. and Arai, T. and Hermansky, H. and Pavel, M.},
  title = {On the relative importance of various components of the modulation
	spectrum for automatic speech recognition},
  journal = {Speech Communication},
  year = {1299},
  volume = {28},
  pages = {43-55}
}



@INPROCEEDINGS{Kaylani94,
  author = {T. Kaylani and S. Dasgupta},
  title = {A New Method for Initializing Radial Basis Function Classifiers},
  booktitle = {IEEE International Conference on Systems, Man, andCybernetics. Human,
	Information and Technology},
  year = {1994},
  volume = {3},
  pages = {2584-7}
}

@BOOK{Kent92,
  title = {The Acoustic Analysis of Speech},
  publisher = {Singular},
  year = {1992},
  author = {R. Kent and C. Read}
}


@ARTICLE{Rikalo96,
  author = {M. Kezunovic and I. Rikalo and D. Sobajic},
  title = {Real-Time and Off-Line Transmission Line Fault Classification Using
	Neural Networks},
  journal = {Intl. Journal of Engineering Intelligent Systems},
  year = {1996},
  volume = {4}
}

@BOOK{Kimball98,
  title = {The Data Warehouse Lifecicle Toolkit},
  publisher = {New York: John Wiley \& Sons Inc},
  year = {1998},
  author = {KIMBALL, R}
}

@ARTICLE{Kimeldorf71,
  author = {G. Kimeldorf and G. Wahba},
  title = {Some results on {T}chebychean spline functions},
  journal = {J. Math. Anal. Applic.},
  year = {1971},
  volume = {33},
  pages = {82-95}
}

@ARTICLE{Klatt80,
  author = {D. Klatt},
  title = {Software for a cascade / parallel formant synthesizer},
  journal = {Journal of the Acoustical Society of America},
  year = {1980},
  volume = {67},
  pages = {971-95}
}

@ARTICLE{Klatt90,
  author = {D. Klatt and L. Klatt},
  title = {Analysis, synthesis, and perception of voice quality variations among
	female and male speakers},
  journal = {Journal of the Acoustical Society of America},
  year = {1990},
  volume = {87},
  pages = {820-57}
}

@INPROCEEDINGS{Klautau03-icassp,
  author = {A. Klautau},
  title = {Mining speech: {A}utomatic selection of heterogeneous features using
	boosting},
  booktitle = {ICASSP},
  year = {2003}
}

@INPROCEEDINGS{Klautau03-rbf,
  author = {A. Klautau},
  title = {A new algorithm for training {RBF} networks},
  booktitle = {SBT, Rio de Janeiro, Brazil},
  year = {2003}
}

@PHDTHESIS{Klautau03-thesis,
  author = {Klautau, A.},
  title = {Speech Recognition Using Discriminative Classifiers},
  school = {UCSD},
  year = {2003}
}

@TECHREPORT{Klautau02d,
  author = {A. Klautau},
  title = {Classification of {P}eterson and {B}arney's vowels using {W}eka},
  institution = {UFPA, \emph{http://www.laps.ufpa.br/aldebaro/papers}},
  year = {2002}
}


@ARTICLE{Klautau03-ieee,
  author = {A. Klautau and N. Jevti\'c and A. Orlitsky},
  title = {A gentle introduction to maximum mutual information estimation},
  journal = {submitted to IEEE Transactions on Education},
  year = {2003}
}

@ARTICLE{Klautau03-jmlr,
  author = {Klautau, A. and Jevti\'c, N. and Orlitsky, A.},
  title = {On nearest-neighbor {ECOC} with application to all-pairs multiclass
	{SVM}},
  journal = {J. Machine Learning Research},
  year = {2003},
  volume = {4},
  pages = {1--15}
}

@INPROCEEDINGS{Klautau03-sbt,
  author = {A. Klautau and N. Jevti\'c and A. Orlitsky},
  title = {Speech recognition based on discriminative classifiers},
  booktitle = {SBT, Rio de Janeiro, Brazil},
  year = {2003}
}

@INPROCEEDINGS{Klautau02,
  author = {Klautau, A. and Jevti\'c, N. and Orlitsky, A.},
  title = {Combined binary classifiers with applications to speech recognition},
  booktitle = {ICSLP},
  year = {2002}
}

@INPROCEEDINGS{Klinkmeijer06,
  author = {L. J. Zwanepol Klinkmeijer and E.D. de Jong and M.A. Wiering},
  title = {A serial population genetic algorithm for dynamic optimization problems},
  booktitle = {Proceedings of the Annual Machine Learning Conference of Belgium
	and The Netherlands (BeNeLearn'06)},
  year = {2006}
}



@ARTICLE{Kohavi97,
  author = {Ron Kohavi and George H. John},
  title = {Wrappers for feature subset selection},
  journal = {Artificial Intelligence},
  year = {1997},
  volume = {97},
  pages = {273 - 324},
  number = {1-2},
  url = {http://www.sciencedirect.com/science/article/B6TYF-3SNYS10-9/2/da1f885e31a43d42e0d0fddcc922c407}
}

@INPROCEEDINGS{Koller96,
  author = {Koller, D. and Sahami, M.},
  title = {Toward optimal feature selection},
  booktitle = {International Conf. on Machine Learning},
  year = {1996}
}

@ARTICLE{KH,
  author = {K. Kondo and C. Hemphill},
  title = {A {WWW} Browser Using Speech Recognition and Its Evaluation},
  journal = {Systems and Computers in Japan},
  year = {1998},
  pages = {57-67},
  month = {Sep.}
}

@BOOK{Kondoz94,
  title = {Digital Speech: {C}oding for Low Bit Rate Communication Systems},
  publisher = {John Wiley \& Sons},
  year = {1994},
  author = {Kondoz, A. M.}
}

@INCOLLECTION{Kressel99,
  author = {U. Kre{\ss}el},
  title = {Pairwise Classification and Support Vector Machines},
  booktitle = {Advances in Kernel Methods - Support Vector Learning},
  publisher = {MIT Press},
  year = {1999},
  editor = {B. Scholkopf and C. Burges and A. Smola},
  type = {Chapter},
  chapter = {15},
  address = {Cambridge}
}



@BOOK{Ladefoged01,
  title = {A Course in Phonetics},
  publisher = {Harcourt Brace},
  year = {2001},
  author = {P. Ladefoged},
  edition = {4}
}

@INPROCEEDINGS{Lafferty01,
  author = {Lafferty, J. and McCallum, A. and Pereira, F.},
  title = {Conditional Random Fields: {P}robabilistic Models for Segmenting
	and Labeling Sequence Data},
  booktitle = {Proc. 18th International Conf. on Machine Learning},
  year = {2001},
  pages = {282--289}
}

@BOOK{langdon98,
  title = {Genetic Programming and Data Structures: Genetic Programming + Data
	Structures = Automatic Programming!},
  publisher = {Kluwer},
  year = {1998},
  author = {William B. Langdon},
  volume = {1},
  series = {Genetic Programming},
  address = {Boston},
  month = {24 } # apr,
  isbn = {0-7923-8135-1},
  keywords = {genetic algorithms, genetic programming}
}

@BOOK{Langdon02,
  title = {Foundations of Genetic Programming},
  publisher = {Springer-Verlag},
  year = {2002},
  author = {W. B. Langdon and Riccardo Poli},
  isbn = {3-540-42451-2},
  keywords = {genetic algorithms, genetic programming},
  size = {274 pages},
  url = {http://www.springer.de/cgi-bin/search_book.pl?isbn=3-540-42451-2#english}
}

@BOOK{langley:book95,
  title = {Elements of Machine Learning},
  publisher = {Morgan Kaufmann},
  year = {1995},
  author = {P. Langley},
  address = {San Francisco}
}

@INPROCEEDINGS{Langley94,
  author = {Langley, P.},
  title = {Selection of relevant features in machine learning},
  booktitle = {AAAI Fall Symposium on Relevance},
  year = {1994}
}

@ARTICLE{Langley94c,
  author = {Langley, Patrick and Sage, Stephane},
  title = {Scaling to domains with irrelevant features},
  journal = {Computational learning theory and natural learning systems},
  year = {1997},
  volume = {Volume IV: making learning systems practical},
  pages = {51--63}
}

@ARTICLE{Langley94a,
  author = {Langley, Patrick and Sage, Stephane},
  title = {Induction of selective Bayesian classifiers},
  journal = {Conference on Uncertainty in Artificial Intelligence},
  year = {1994}
}

@MISC{Langley94b,
  author = {Pat Langley and Stephanie Sage},
  title = {Oblivious Decision Trees and Abstract Cases},
  year = {1994},
  text = {In Working Notes of the AAAI-94 Workshop on Case-Based Reasoning,
	Seattle, W.A. AAAI Press.}
}


@INPROCEEDINGS{Laprie94,
  author = {Y. Laprie and M. Berger},
  title = {A New Paradigm for Reliable Automatic Formant Tracking},
  booktitle = {ICASSP},
  year = {1994},
  pages = {II 201-204}
}

@ARTICLE{Lavie96,
  author = {A. {Lavie et al}},
  title = {Dialogue processing in a conversational speech translation system},
  journal = {ICSLP 96},
  year = {1996},
  volume = {1},
  pages = {554-7},
  month = {Oct.}
}

@INPROCEEDINGS{Lawrence02,
  author = {Lawrence, N. and Seeger, M. and Herbrich, R.},
  title = {Fast Sparse {Gaussian} Process Methods: The Informative Vector Machine},
  booktitle = {Neural Information Processing Systems 15},
  year = {2002}
}

@PHDTHESIS{Lee05,
  author = {Lee,H.},
  title = {Selecao de atributos importantes para extracao de conhecimento
	de base de dados},
  school = {Instituto de Ciï¿œncias Matemï¿œtica e de Computaï¿œï¿œo (ICMC)},
  year = {2005}
}

@ARTICLE{Lee89,
  author = {K.-F. Lee and H.-W. Hon},
  title = {Speaker-independent phone recognition using hidden {M}arkov models},
  journal = {IEEE Transactions on Acoustics, Speech and Signal Processing},
  year = {1989},
  volume = {37},
  pages = {1641-8},
  number = {11},
  month = {Nov.}
}

@PHDTHESIS{Lee97-mitthesis,
  author = {S. Lee},
  title = {Probabilistic Segmentation for Segment-Based Speech Recognition},
  school = {MIT},
  year = {1997}
}


@ARTICLE{Leung97,
  author = {Yee Leung and Yong Gao and Zong-Ben Xu},
  title = {Degree of population diversity - a perspective on premature convergence
	in genetic algorithms and its Markov chain analysis},
  journal = {IEEE Transactions on Neural Networks},
  year = {1997},
  volume = {8},
  pages = {1165 - 1176}
}

@INPROCEEDINGS{Lian05,
  author = {Zhang Lianyi and Zheng Chongxun},
  title = {A new method to monitor depth of anesthesia based on the autocorrelation
	EEG signals},
  booktitle = {Neural Interface and Control, 2005. Proceedings. 2005 First International
	Conference on},
  year = {2005},
  pages = {123 - 126}
}

@BOOK{Lim90,
  title = {Two-dimensional Signal and Image Processing},
  publisher = {Prentice-Hall},
  year = {1990},
  author = {Lim, J.}
}

@INPROCEEDINGS{Keogh04,
  author = {Lin, J. and Vlachos, M. and Keogh, E. and Gunopulos, D.},
  title = {Iterative Incremetal Clustering of Time Series},
  booktitle = {In proceedings of the IX Conference on Extending Database Technology
	(EDBT 2004).},
  year = {2004}
}

@BOOK{Linden06,
  title = {Algoritmos Gen\'eticos - Uma importante ferramenta da Intelig\^encia
	Computacional},
  publisher = {BRASPORT},
  year = {2006},
  author = {Ricardo Linden}
}

@ARTICLE{Lippmann95,
  author = {Lippmann, R.},
  title = {A Comparison of Signal Processing Front Ends for Automatic Word Recognition},
  journal = {IEEE Transactions on Speech},
  year = {1995},
  pages = {??}
}


@TECHREPORT{maloof:tr98,
  author = {M. A. Maloof and P. Langley and T. O. Binford and S. Sage},
  title = {Improving rooftop detection in aerial images through machine learning},
  institution = {Institute for the Study of Learning and Expertise},
  year = {1998},
  number = {98-1},
  address = {Palo Alto, CA}
}

@BOOK{Wendy05,
  title = {Exploratory Data Analysis with Matlab},
  publisher = {CRC Press.},
  year = {2005},
  author = {Wendy L. Martinez and Angel R. Martinez}
}


@INPROCEEDINGS{Mayoraz99,
  author = {Mayoraz, E. and Alpaydin, E.},
  title = {Support vector machines for multi-class classification},
  booktitle = {IWANN},
  year = {1999},
  pages = {833-42}
}

@INPROCEEDINGS{Mayoraz01,
  author = {Mayoraz, E. N.},
  title = {Multi-class classification with pairwise coupled neural networks
	or support vector machines},
  booktitle = {ICANN},
  year = {2001},
  pages = {314-21}
}

@INPROCEEDINGS{McCandless73,
  author = {McCandless, S.},
  title = {Automatic formant extraction using linear prediction},
  booktitle = {85th Meeting of the Acoustical Society of America (abstracts only)},
  year = {1973},
  pages = {94},
  address = {Boston, MA, USA},
  publisher = {Acoust. Soc. America}
}

@BOOK{McLachlan92,
  title = {Discriminant analysis and statistical pattern recognition},
  publisher = {Wiley},
  year = {1992},
  author = {G. McLachlan}
}

@BOOK{McLachlan97,
  title = {The {EM} algorithm and extensions},
  publisher = {Wiley},
  year = {1997},
  author = {G. McLachlan and T. Krishnan}
}

@ARTICLE{McNemar47,
  author = {Q. McNemar},
  title = {Note on the sampling error of the difference between correlated proportions
	or percentages},
  journal = {Psychometrika},
  year = {1947},
  volume = {12},
  pages = {153-7}
}

@INPROCEEDINGS{Mcphee99analysisof,
  author = {Nicholas Freitag Mcphee},
  title = {Analysis of Genetic Diversity Through Population History},
  booktitle = {Proceedings of the Genetic and Evolutionary Computation Conference},
  year = {1999},
  pages = {1112--1120},
  publisher = {Morgan Kaufmann}
}

@INPROCEEDINGS{McCallum00,
  author = {Mc{C}allum, A. and Freitag, D. and Pereira, F.},
  title = {Maximum Entropy {M}arkov Models for Information Extraction and Segmentation},
  booktitle = {Proc. 17th International Conf. on Machine Learning},
  year = {2000},
  pages = {591--598}
}

@INPROCEEDINGS{Mehnen06,
  author = {J. Mehnen and T. Wagner and G. Rudolph},
  title = {Evolutionary Optimization of Dynamic Multi-objective Test Functions},
  booktitle = {Digital Proceedings of the 3Ãœ Workshop Italiano di Vita Artificiale
	e delle 2a Giornata di Studio Italiana sul Calcolo Evoluzionistico},
  year = {2006}
}

@INPROCEEDINGS{Menezes04,
  author = {Menezes,R. and Ohishi,T. and Ballini,R.},
  title = {Clustering Bus Load Curves},
  booktitle = {Power Systems Conference and Exposition},
  year = {2004},
  pages = {1251-1256}
}


@INPROCEEDINGS{Merialdo88,
  author = {B. Merialdo},
  title = {Phonetic recognition using hidden {M}arkov models and maximum mutual
	information training},
  booktitle = {ICASSP},
  year = {1988},
  pages = {111-4}
}

@MASTERSTHESIS{Mertz06,
  author = {Metz, J.},
  title = {Interpretacao de clusters gerados por algoritmos de clustering
	hierï¿œrquico},
  school = {ICMC-USP},
  year = {2006}
}

@BOOK{Michalewicz94,
  title = {Genetic Algoritms Plus Data Structures Equals Evolution Programs},
  publisher = {Springer},
  year = {1994},
  author = {Zbigniew Michalewicz}
}

@BOOK{Mitchell96,
  title = {An introduction to genetic algorithms},
  publisher = {MIT Press},
  year = {1996},
  author = {Mitchell, Melanie},
  isbn = {0-262-13316-4}
}

@BOOK{Mitchell97,
  title = {Machine Learning,(1st edition)},
  publisher = {McGraw-Hill},
  year = {1997},
  author = {Mitchell, T. M.}
}

@ARTICLE{Riley99,
  author = {M. Mohri and M. Riley},
  title = {Network optimizations for large-vocabulary speech recognition},
  journal = {Speech Communication},
  year = {1999},
  volume = {28},
  pages = {1-12},
  number = {1},
  month = {May}
}



@INPROCEEDINGS{Moreira98,
  author = {Moreira, M. and Mayoraz, E.},
  title = {Improved pairwise coupling classification with correcting classifiers},
  booktitle = {10th European Conference on Machine Learning},
  year = {1998},
  pages = {160-71}
}

@BOOK{Morettin04,
  title = {Analise de Series Temporais},
  publisher = {Sao Paulo: Editora Edgard Blicher},
  year = {2004},
  author = {Morettin, P. A. and Toloi, C. M.}
}

@ARTICLE{Morgan95,
  author = {Morgan, N. and Bourlard, H. A.},
  title = {Neural networks for statistical recognition of continuous speech},
  journal = {Proceedings of the IEEE},
  year = {1995},
  volume = {83},
  pages = {742-72},
  number = {5}
}


@BOOK{Nabney02,
  title = {Netlab algorithms for pattern recognition},
  publisher = {Springer},
  year = {2002},
  author = {I. Nabney}
}


@BOOK{Nello00,
  title = {{An introduction to support vector machines : and other kernel-based
	learning methods}},
  publisher = {Cambridge University Press},
  year = {2000},
  author = {Nello,C. and John,S.},
  edition = {1},
  month = {March},
  day = {28},
  howpublished = {Hardcover},
  isbn = {0521780195},
  keywords = {pattern, recognition, regularization, statistical-learning-theory,
	support, svm, vector},
  posted-at = {2006-07-12 20:16:52},
  priority = {3}
}

@MISC{Neuwirth02,
  author = {Lee Neuwirth},
  title = {Personal communication},
  year = {2002}
}



@ARTICLE{Ney99,
  author = {H. Ney and S. Ortmanns},
  title = {Dynamic programming search for continuous speech recognition},
  journal = {IEEE Signal Processing Magazine},
  year = {1999},
  volume = {16},
  pages = {64-83},
  number = {5},
  month = {Sept.}
}

@INPROCEEDINGS{Ng98,
  author = {Ng, A.},
  title = {On Feature Selection: Learning with Exponentially many Irrelevant
	Features as Training Examples},
  booktitle = {International Conf. on Machine Learning},
  year = {1998},
  pages = {404-412}
}

@MASTERSTHESIS{Ng98b,
  author = {Ng, A.},
  title = {On Feature Selection: Learning with Exponentially many Irrelevant
	Features as Training Examples},
  school = {MIT},
  year = {1998}
}

@INPROCEEDINGS{Ng02,
  author = {Ng, A. and Jordan, M.},
  title = {On Discriminative vs. Generative Classifiers: A comparison of logistic
	regression and Naive Bayes},
  booktitle = {NIPS},
  year = {2002}
}

@INPROCEEDINGS{Normandin95,
  author = {Y. Normandin},
  title = {Optimal splitting of {HMM} {G}aussian mixture components with {MMIE}
	training},
  booktitle = {ICASSP},
  year = {1995},
  pages = {449-52}
}

@PHDTHESIS{Normandin91,
  author = {Y. Normandin},
  title = {Hidden {M}arkov Models, Maximum Mutual Information Estimation and
	the Speech Recognition Problem},
  school = {McGill University},
  year = {1991}
}

@INPROCEEDINGS{Novorita99,
  author = {Novorita, B. },
  title = {Incorporation of temporal masking effects into {B}ark spectral distortion
	measure},
  booktitle = {ICASSP},
  year = {1999}
}

@ARTICLE{Nadas88,
  author = {A. N{\'{a}}das and D. Nahamoo and M. Picheny},
  title = {On a model-robust training method for speech recognition},
  journal = {{IEEE} Trans. on {ASSP}},
  year = {1988},
  volume = {36},
  pages = {1432-6}
}


@ARTICLE{Ostendorf96,
  author = {Ostendorf, M. and Digalakis, V. and Kimball, O.},
  title = {From {HMM}'s to segment models: a unified view of stochastic modeling
	for speech recognition},
  journal = {IEEE Transactions on Speech and Audio Processing},
  year = {1996},
  volume = {4},
  pages = {360-78}
}

@INPROCEEDINGS{Paliwal91,
  author = {K. Paliwal and B. Atal},
  title = {Efficient Vector Quantization of {LPC} Parameters at 24 bits/frame},
  booktitle = {ICASSP},
  year = {1991},
  pages = {661-4}
}


@ARTICLE{Peterson52,
  author = {Peterson, G. and Barney, H.},
  title = {Control methods used in a study of vowels},
  journal = {Journal of the Acoustical Society of America},
  year = {1952},
  volume = {24},
  pages = {175-184},
  number = {2}
}

@MISC{Picone02,
  author = {J. Picone},
  title = {Talk at {SRSTW}'02, http://www.isip.msstate.edu},
  year = {2002},
  url = {www.isip.msstate.edu}
}

@ARTICLE{Picone93,
  author = {J. Picone},
  title = {Signal modeling techniques in speech recognition},
  journal = {Proceedings of the IEEE},
  year = {1993},
  volume = {81},
  pages = {1215-47},
  number = {9},
  month = {Sep.}
}

@ARTICLE{Pinto89,
  author = {N. Pinto and D. Childers and A. Lalwani},
  title = {Formant Speech Synthesis: {I}mproving Production Quality},
  journal = {IEEE Transactions on Acoustics, Speech and Signal Processing},
  year = {1989},
  volume = {37},
  pages = {1870-1887}
}

@INPROCEEDINGS{Pires05-short,
  author = {Yomara {Pires et al.}},
  title = {A Framework for Evaluating Data Mining Techniques Applied to Power
	Quality},
  booktitle = {Brazilian Conference on Neural Networks (CBRN)},
  year = {2005},
  pages = {{ID} 193}
}

@INBOOK{PiresBook,
  chapter = {Data Mining Applied to the Electric Power Industry: {C}lassification
	of Short-Circuit Faults in Transmission Lines},
  title = {Innovative Applications in Data Mining of Studies in Computational
	Intelligence},
  publisher = {Springer},
  year = {2009},
  editor = {Nedja, Nadia and Mourelle, Luiza, M. and Kacprzyk, Janusz},
  author = {Y. Pires and J. Morais and C. Cardoso and A. Klautau}
}

@INCOLLECTION{Platt99,
  author = {J. Platt},
  title = {Probabilities for SV Machines},
  booktitle = {Advances in Large Margin Classifiers},
  publisher = {MIT Press},
  year = {1999},
  editor = {A. Smola and P. Bartlett and B. Scholkopf and D. Schuurmans},
  type = {Chapter},
  pages = {61-74}
}

@INPROCEEDINGS{Platt00,
  author = {Platt, J. and Cristianini, N. and Shawe-Taylor, J.},
  title = {Large margin {DAG}s for multiclass classification},
  booktitle = {NIPS},
  year = {2000},
  pages = {547-553}
}

@ARTICLE{Potter50,
  author = {Potter, R. K. and Steinberg, J. C.},
  title = {Toward the specification of speech},
  journal = {The Journal of the Acoustical Society of America},
  year = {1950},
  volume = {22},
  pages = {807-820},
  number = {6}
}

@ARTICLE{Press78,
  author = {S. Press and S. Wilson},
  title = {Choosing between logistic regression and discriminant analysis},
  journal = {Journal of the American Statistical Association},
  year = {1978},
  volume = {73},
  pages = {699-705}
}

@INPROCEEDINGS{Price95,
  author = {D. {Price et al}},
  title = {Pairwise neural network classifiers with probabilistic outputs},
  booktitle = {NIPS},
  year = {1995},
  pages = {1109-1116}
}


@BOOK{Rabiner,
  title = {Fundamentals of Speech Recognition},
  publisher = {Prentice-Hall},
  year = {1993},
  author = {L. Rabiner and B.-H. Juang}
}

@ARTICLE{Ramasubramanian92,
  author = {V. Ramasubramanian and K. Paliwal},
  title = {Fast {K}-Dimensional Tree Algorithms for Nearest Neighbor Search
	with Application to Vector Quantization Encoding},
  journal = {IEEE Trans. on Signal Processing},
  year = {1992},
  volume = {40},
  number = {3}
}

@TECHREPORT{Rennie01,
  author = {Rennie, J. and Rifkin, R.},
  title = {Improving Multiclass Text Classification with the Support Vector
	Machine},
  institution = {MIT},
  year = {2001}
}

@BOOK{Rhee89,
  title = {Error-correcting coding theory},
  publisher = {McGraw-Hill},
  year = {1989},
  author = {M. Rhee}
}

@PHDTHESIS{Rifkin02,
  author = {Rifkin, R.},
  title = {Everything Old Is New Again: A Fresh Look at Historical Approaches
	in Machine Learning},
  school = {MIT},
  year = {2002}
}

@ARTICLE{Rifkin04,
  author = {R. Rifkin and A. Klautau},
  title = {In Defense of One-Vs-All Classification},
  journal = {J. Machine Learning Research},
  year = {2004},
  volume = {5},
  pages = {101-141}
}

@ARTICLE{Roth01,
  author = {Volker Roth},
  title = {Probabilistic Discriminative Kernel Classifiers for Multi-class Problems},
  journal = {Lecture Notes in Computer Science},
  year = {2001},
  volume = {2191},
  pages = {246--253}
}

@INPROCEEDINGS{Tsuda01,
  author = {Roth, V. and Tsuda, K.},
  title = {Pairwise Coupling for Machine Recognition of Hand-Printed Japanese
	Characters},
  booktitle = {CVPR},
  year = {2001},
  pages = {1120-1125}
}

@ARTICLE{Rubin81,
  author = {P. Rubin and T. Baer and P. Mermelstein},
  title = {An articulatory synthesizer for perceptual research},
  journal = {Journal of the Acoustical Society of America 70},
  year = {1981},
  volume = {2},
  pages = {321-328}
}

@INPROCEEDINGS{Rubinstein97,
  author = {Rubinstein, Y. and Hastie, T.},
  title = {Discriminative vs Informative Learning},
  booktitle = {Proc. 3rd Int. Conf. Knowledge Discovery Data Mining},
  year = {1997},
  pages = {49-53}
}

@INPROCEEDINGS{Salomon02,
  author = {Salomon, J. and Simon, K. and Osborne, M.},
  title = {Framewise phone classification using support vector machines},
  booktitle = {ICSLP},
  year = {2002},
  pages = {2645-2648}
}


@ARTICLE{Schafer70,
  author = {Schafer, R. W. and Rabiner, L. R.},
  title = {System for automatic formant analysis of voiced speech},
  journal = {Journal of the Acoustical Society of America},
  year = {1970},
  volume = {47},
  pages = {634-48},
  number = {2, pt.2},
  note = {English}
}

@INPROCEEDINGS{Schaffer85,
  author = {J. D. Schaffer},
  title = {Multiple Objective Optimization with Vector Evaluated Genetic Algorithm},
  booktitle = {Genetic Algorithms and their Applications: Proceedings of the First
	International Conference on Genetic Algorithms},
  year = {1985},
  pages = {93-100}
}

@INPROCEEDINGS{Schapire97,
  author = {R. Schapire},
  title = {Using output codes to boost multiclass learning problems},
  booktitle = {Proc. 14th International Conference on Machine Learning},
  year = {1997},
  pages = {313--321},
  publisher = {Morgan Kaufmann},
  url = {citeseer.nj.nec.com/article/schapire97using.html}
}

@ARTICLE{Schapire99,
  author = {Schapire, R. and Singer, Y.},
  title = {Improved boosting algorithms using confidence-rated predictions},
  journal = {Machine Learning},
  year = {1999},
  pages = {297-336}
}

@INPROCEEDINGS{Schapire98,
  author = {Schapire, R. and Singer, Y.},
  title = {Improved boosting algorithms using confidence-rated predictions},
  booktitle = {COLT},
  year = {1998}
}

@BOOK{Scholkopf02,
  title = {Learning with kernels},
  publisher = {MIT Press},
  year = {2002},
  author = {B. Scholkopf and A. Smola}
}

@INBOOK{Schroeter05,
  chapter = {Text-to-Speech (TTS) Synthesis},
  title = {The Electrical Engineering Handbook},
  publisher = {CRC Press},
  year = {2005},
  author = {Juergen Schroeter}
}

@INPROCEEDINGS{Schwenk99,
  author = {Schwenk, H},
  title = {Using boosting to improve a hybrid {HMM}/neural network speech recognizer},
  booktitle = {ICASSP},
  year = {1999},
  pages = {1009-12}
}


@INPROCEEDINGS{Sebban99,
  author = {Sebban, M. and Nock, R.},
  title = {Contribution of boosting in wrapper models},
  booktitle = {Principles and Practice of Knowledge Discovery in Databases},
  year = {1999},
  pages = {214-222}
}

@TECHREPORT{Seewald01,
  author = {Alexander K. Seewald and Johannes F{\"u}rnkranz},
  title = {Grading Classifiers},
  year = {2001},
  number = {OEFAI-TR-2001-01},
  url = {citeseer.nj.nec.com/seewald01grading.html}
}

@ARTICLE{Seneff84,
  author = {S. Seneff},
  title = {Pitch and spectral estimation of speech based on auditory synchrony
	model},
  journal = {ICASSP 84},
  year = {1984},
  volume = {3},
  pages = {p.36.2/1-4},
  month = {Mar.}
}

@INCOLLECTION{Shoup80,
  author = {J. Shoup},
  title = {Phonological Aspects of Speech Recognition},
  booktitle = {Trends in Speech Recognition},
  publisher = {Prentice Hall},
  year = {1980},
  editor = {LEA, W.A.},
  pages = {125-138},
  address = {Englewood Cliffs}
}


@BOOK{Shwartz95,
  title = {Large deviations for performance analysis},
  publisher = {Chapman \& Hall},
  year = {1995},
  author = {Shwartz, A. and Weiss, A.}
}

@MISC{Gomes07,
  author = {Alessandra da Silva Gomes},
  title = {Utiliza\c{c}\~{a}o de otimiza\c{c}\~{a}o por enxame de part\'{i}culas
	na s\'{i}ntese de {Klatt}. {Trabalho de TCC}. {CiÃªncia da ComputaÃ§Ã£o}.
	{Universidade Federal do ParÃ¡}},
  year = {2007}
}


@INPROCEEDINGS{Silvia07,
  author = {Silvia, K. and Soares, R. and Ludemir, T. and Carvalho, F.},
  title = {Uma Abordagem Evolucionï¿œria para a Tarefa de Agrupamento de Dados},
  booktitle = {Congresso Brasileiro de Redes Neurais},
  year = {2007}
}


@ARTICLE{Singhal05,
  author = {Singhal,A. and Seborg,D.},
  title = {Clustering of Multivariate Time-Series Data.},
  journal = {Journal of Chemometrics},
  year = {2005},
  volume = {19},
  pages = {427-438}
}

@MASTERSTHESIS{Siqueira07,
  author = {Siqueira, C.},
  title = {EDACLUSTER: Um Algoritmo Evolucion\'ario para An\'alise de Agrupamentos
	Baseados em Densidade e Grade},
  school = {PPGCC-UFPA},
  year = {2007}
}

@BOOK{Sivanandam08,
  title = {Introduction to Genetic Algorithms},
  publisher = {Springer},
  year = {2008},
  author = {S. N. Sivanandam and S.N Deepa}
}

@INPROCEEDINGS{Smith02,
  author = {N. Smith and M. Gales},
  title = {Speech Recognition using {SVM}s},
  booktitle = {Advances in Neural Information Processing Systems 14},
  year = {2002},
  editor = {MIT Press}
}

@ARTICLE{Snell93,
  author = {Snell, R. and Milinazzo, F.},
  title = {Formant Location From LPC Analysis Data},
  journal = {IEEE Trans. on Speech and Audio Processing},
  year = {1993},
  volume = {1},
  pages = {129-34},
  number = {2}
}

@ARTICLE{Soo84,
  author = {F. Soong and B.-H. Juang},
  title = {Line spectrum pair (LSP) and speech data compression},
  journal = {ICASSP 84},
  year = {1984},
  volume = {1},
  pages = {p.1.10/1-4},
  month = {Mar.}
}

@PHDTHESIS{Spears98,
  author = {W. M. Spears},
  title = {The Role of Mutation and Recombination in Evolutionary Algorithms},
  school = {George Mason university},
  year = {1998}
}

@ARTICLE{Srinivas94b,
  author = {Srinivas, M. and Patnaik, Lalit M.},
  title = {Genetic algorithms: A Survey},
  journal = {Computer},
  year = {1994},
  volume = {27},
  pages = {17--26},
  number = {6},
  address = {Los Alamitos, CA, USA},
  doi = {http://dx.doi.org/10.1109/2.294849},
  issn = {0018-9162},
  publisher = {IEEE Computer Society Press}
}

@ARTICLE{Srinivas00,
  author = {N. Srinivas and Kalyanmoy Deb},
  title = {Comparison of Multiobjective Evolutionary Algorithms: Empirical Result},
  journal = {Evolutionary Computation},
  year = {2000},
  volume = {8},
  pages = {173-195},
  number = {2}
}

@ARTICLE{Srinivas94,
  author = {N. Srinivas and Kalyanmoy Deb},
  title = {Multiobjective Optimization Using Nondominated Sorting in Genetic
	Algorithms},
  journal = {Evolutionary Computation},
  year = {1994},
  volume = {2},
  pages = {221-248},
  number = {3},
  url = {citeseer.ist.psu.edu/srinivas94multiobjective.html}
}

@MASTERSTHESIS{Srivastava02,
  author = {S. Srivastava},
  title = {Fast {G}aussian evaluations in large vocabulary continuous speech
	recognition},
  school = {Mississippi State University},
  year = {2002}
}

@ARTICLE{Stevens40,
  author = {Stevens, S. and Volkman, J.},
  title = {The relation of pitch to frequency},
  journal = {Journal of Psychology},
  year = {1940},
  volume = {53},
  pages = {329}
}

@ARTICLE{Tang08,
  author = {Suqin Tang, Zixing Cai and Jinhua Zheng;},
  title = {An Efficient Method for Maintaining Diversity in Evolutionary Multi-objective
	Optimization},
  journal = {Natural Computation, 2008. ICNC '08. Fourth International Conference
	on},
  year = {2008},
  pages = {391 - 395}
}

@TECHREPORT{Blickle97,
  author = {Blickle T.},
  title = {A comparison of selection shemes used in evolutionary algorithms},
  institution = {ETH Zurich},
  year = {1997}
}


@INPROCEEDINGS{Takahashi01,
  author = {M. Takahashi},
  title = {A crossover operator using independent component analysis forreal-coded
	genetic algorithms},
  booktitle = {Evolutionary Computation, 2001. Proceedings of the 2001 Congress
	on},
  year = {2001},
  pages = {643-649}
}

@INCOLLECTION{Talkin95,
  author = {D. Talkin},
  title = {A Robust Algorithm for Pitch Tracking {(RAPT)}},
  booktitle = {Speech Coding and Synthesis},
  publisher = {Elsevier},
  year = {1995},
  editor = {W. Kleijn and K. Paliwal},
  type = {Chapter}
}

@TECHREPORT{Talkin87,
  author = {D. Talkin},
  title = {Speech formant trajectory estimation using dynamic programming with
	modulated transition costs},
  institution = {AT \& T Bell Laboratories 11222-870720-07TM},
  year = {1987}
}

@INPROCEEDINGS{Tieu01,
  author = {Tieu, K.},
  title = {Personal communication},
  year = {2001}
}

@INPROCEEDINGS{Tieu00,
  author = {Tieu, K. and Viola, P.},
  title = {Boosting Image Retrieval},
  booktitle = {IEEE Conf. on Computer Vision and Pattern Recognition},
  year = {2000},
  pages = {228-235}
}

@BOOK{Tikhonov77,
  title = {Solutions of Ill-Posed Problems},
  publisher = {Winston},
  year = {1977},
  author = {A. Tikhonov and V. Arsenin}
}

@ARTICLE{Tipping01,
  author = {M. Tipping},
  title = {Sparse Bayesian Learning and the Relevance Vector Machine},
  journal = {Journal of Machine Learning Research},
  year = {2001},
  volume = {1},
  pages = {211-244}
}

@ARTICLE{Toffolo03,
  author = {Toffolo, A. and Benini, E.},
  title = {Genetic diversity as an objective in multi-objective evolutionary
	algorithms},
  journal = {Evolutionary Computation},
  year = {2003},
  volume = {11},
  pages = {151--167},
  number = {2},
  address = {Cambridge, MA, USA},
  issn = {1063-6560},
  publisher = {MIT Press}
}

@INPROCEEDINGS{Tran05,
  author = {K. D. Tran},
  title = {Elitist Non-dominated Sorting GA-II (NSGA-II) as a Parameter-less
	Multi- objective Genetic Algorithm},
  booktitle = {Proc. IEEE SoutheastCon},
  year = {2005}
}



@ARTICLE{TuZLoP,
  author = {Z. Tu and P. Loizou},
  title = {Speech Recognition over the {I}nternet Using {J}ava},
  journal = ICASSP,
  year = {1999},
  volume = {Phoenix, AZ},
  pages = {2367-70},
  month = {Mar.}
}

@ARTICLE{Ganchev05,
  author = {{T}odor {G}anchev, {N}ikos {F}akotakis, {G}eorge {K}okkinakis},
  title = {Comparative Evaluation of Various MFCC Implementations
	
	on the Speaker Verification Task},
  journal = {10th International Conference on Speech and Computer (SPECOM 2005)},
  year = {2005},
  volume = {1},
  pages = {191-194},
  owner = {LEA},
  timestamp = {2011.06.29}
}

@ARTICLE{Utschick01,
  author = {Utschick, W. and Weichselberger, W.},
  title = {Stochastic organization of output codes in multiclass learning problems},
  journal = {Neural Computation},
  year = {2001},
  volume = {13},
  pages = {1065-1102},
  number = {5}
}

@ARTICLE{Valbret92,
  author = {H. Valbret and E. Moulines and J. P. Tubach},
  title = {Voice transformation using {PSOLA} technique},
  journal = {speech},
  year = {1992},
  volume = {11},
  pages = {189--194},
  number = {2-3},
  month = {June},
  key = {synthesis}
}

@PHDTHESIS{Valtchev95,
  author = {V. Valtchev},
  title = {Discriminative methods in {HMM}-based speech recognition},
  school = {Cambridge University},
  year = {1995}
}

@ARTICLE{Valtchev97,
  author = {Valtchev, V. and Odell, J. J. and Woodland, P. C. and Young, S. J.},
  title = {{MMIE} training of large vocabulary recognition systems},
  journal = {Speech Communication},
  year = {1997},
  volume = {22},
  pages = {303-14},
  number = {4}
}

@BOOK{Vapnik99b,
  title = {The nature of statistical learning theory},
  publisher = {Springer Verlag},
  year = {1999},
  author = {V. Vapnik},
  edition = {2nd}
}

@BOOK{Vapnik98,
  title = {Statistical learning theory},
  publisher = {John Wiley and Sons},
  year = {1998},
  author = {Vapnik, V.}
}

@BOOK{Vapnik95,
  title = {The nature of statistical learning theory},
  publisher = {Springer Verlag},
  year = {1995},
  author = {V. Vapnik}
}

@ARTICLE{Vapnik99,
  author = {Vapnik, V. N.},
  title = {An overview of statistical learning theory},
  journal = {IEEE Transactions on Neural Networks},
  year = {1999},
  volume = {10},
  pages = {988-99},
  number = {5}
}

@INCOLLECTION{veloso:bkchapter93,
  author = {M. M. Veloso and J. G. Carbonell},
  title = {Toward scaling up machine learning: A case study with derivational
	analogy in {\sc Prodigy}},
  booktitle = {Machine Learning Methods For Planning},
  publisher = {Morgan Kaufmann},
  year = {1993},
  editor = {S. Minton},
  address = {San Francisco}
}

@INPROCEEDINGS{Veropoulos99,
  author = {K. Veropoulos and N. Cristianini and C. Campbell},
  title = {Controlling the Sensitivity of Support Vector Machines},
  booktitle = {IJCAI},
  year = {1999}
}

@TECHREPORT{Viola01,
  author = {Viola, P. and Jones, M.},
  title = {Robust real-time object detection},
  year = {2001}
}

@INPROCEEDINGS{Voigt94,
  author = {H. M. Voigt and T. Anheyer},
  title = {Modal mutations in evolutionary algorithms},
  booktitle = {Proc. IEEE Int. Conf. on Evolutionary Computation},
  year = {1994},
  pages = {88â92}
}

@INPROCEEDINGS{Liu95,
    author = {Huan Liu and Rudy Setiono},
    title = {Chi2: Feature Selection and Discretization of Numeric Attributes},
    booktitle = {In Proceedings of the Seventh International Conference on Tools with Artificial Intelligence},
    year = {1995},
    pages = {388--391}
}

@INPROCEEDINGS{Liu96,
    author = {Huan Liu and Rudy Setiono},
    title = {A Probabilistic Approach to Feature Selection - A Filter Solution},
    booktitle = {In Proceedings of the Thirteenth International Conference on Machine Learning},
    year = {1996},
    pages = {319--327}
}

@ARTICLE{Wan05,
  author = {V. Wan and S. Renals},
  title = {Speaker Verification Using Sequence Discriminant Support Vector Machines},
  journal = {IEEE Transactions on Speech and Audio Processing},
  year = {2005},
  volume = {13},
  pages = {203-10},
  number = {2},
  month = {March}
}

@ARTICLE{Watrous91,
  author = {Watrous, R. L.},
  title = {Current status of {P}eterson-{B}arney vowel formant data},
  journal = {Journal of the Acoustical Society of America},
  year = {1991},
  volume = {89},
  pages = {2459-60},
  number = {5}
}

@BOOK{Webb99,
  title = {Statistical Pattern Recognition},
  publisher = {Oxford University Press Inc.},
  year = {1999},
  author = {Webb, A.}
}

@MISC{Robnik-Sikonja97,
    author = {Marko Robnik-Sikonja and Igor Kononenko},
    title = {An adaptation of Relief for attribute estimation in regression},
    year = {1997}
}


@MISC{Welch02,
  author = {Lloyd Welch},
  title = {Personal communication},
  year = {2002}
}

@INPROCEEDINGS{Weston99,
  author = {Weston, J. and Watkins, C.},
  title = {Support vector machines for multi-class pattern recognition},
  booktitle = {ESANN},
  year = {1999},
  pages = {219-24}
}

@ARTICLE{Williams98,
  author = {C. Williams and D. Barber},
  title = {Bayesian classification with {G}aussian processes},
  journal = {IEEE Transactions on {PAMI}},
  year = {1998},
  volume = {20},
  pages = {1342-51}
}

@BOOK{Witten05,
  title = {Data mining: practical machine learning tools and techniques with
	java implementations},
  publisher = {Morgan Kaufmann},
  year = {2005},
  author = {I. Witten and E. Frank}
}

@BOOK{Witten99,
  title = {Data mining: Practical machine learning tools and techniques with
	java implementations},
  publisher = {Morgan Kaufmann},
  year = {1999},
  author = {I. Witten and E. Frank}
}

@ARTICLE{Wolpert92,
  author = {Wolpert, D.},
  title = {Stacked Generalization},
  journal = {Neural Networks},
  year = {1992},
  pages = {241-259}
}

@ARTICLE{Woodland02,
  author = {P. Woodland and D. Povey},
  title = {Large scale discriminative training of hidden {M}arkov models for
	speech recognition},
  journal = {Computer Speech and Language},
  year = {2002},
  volume = {16},
  pages = {25-47}
}

@INPROCEEDINGS{Wang03,
  author = {X.Wang and Y.Zhong},
  title = {Statistical learning theory and state of the art in SVM},
  booktitle = {Cognitive Informatics, 2003. Proceedings. The Second IEEE International
	Conference on},
  year = {2003},
  pages = { 55 - 59},
  month = {Aug.},
  doi = {10.1109/COGINF.2003.1225953},
  issn = { },
  keywords = { SVM; experimental results; learning theory; multiuser detection problem;
	overfitting problem; practical algorithms; real-world problems; statistical
	learning; support vector machine; theoretical analysis; learning
	(artificial intelligence); support vector machines;}
}



@INPROCEEDINGS{Xing01,
  author = {Xing, R. and Jordan, M. and Karp, R.},
  title = {Feature selection for high-dimensional genomic microarray data},
  booktitle = {International Conf. on Machine Learning},
  year = {2001},
  pages = {601-608}
}

@INPROCEEDINGS{Yao01,
  author = {Yao, Y. and Marcialis, G. and Pontil, M. and Frasconi, P. and Roli,
	F.},
  title = {A New Machine Learning Approach to Fingerprint Classification},
  booktitle = {7th Congress of the Italian Association for Artificial Intelligence},
  year = {2001},
  pages = {57-63}
}



@INPROCEEDINGS{Yoo06,
  author = {Yoo, I. and Hu, X.},
  title = {A Comprehensive Comparison Study of Document Clustering for A Biomedical
	Digital Library MDELINE.},
  booktitle = {ACM/IEEE Joint Conference on Digital Library.},
  year = {2006},
  pages = {220-229}
}

@INPROCEEDINGS{Zadrozny01b,
  author = {Zadrozny, B.},
  title = {Reducing multiclass to binary by coupling probability estimates},
  booktitle = {NIPS},
  year = {2001}
}

@INPROCEEDINGS{Zadrozny01b,
  author = {Zadrozny, B.},
  title = {Reducing multiclass to binary by coupling probability estimates},
  booktitle = {NIPS},
  year = {2001}
}

@INPROCEEDINGS{Zadrozny02,
  author = {Zadrozny, B. and Elkan, C.},
  title = {Transforming Classifier Scores into Accurate Multiclass Probability
	Estimates},
  booktitle = {KDD},
  year = {2002}
}

@INPROCEEDINGS{Zadrozny01a,
  author = {Zadrozny, B. and Elkan, C.},
  title = {Obtaining calibrated probability estimates from decision trees and
	naive Bayesian classifiers},
  booktitle = {ICML},
  year = {2001},
  pages = {609-616}
}

@INPROCEEDINGS{Zahorian97,
  author = {Stephen A. Zahorian and Peter L. Silsbee and Xihong Wang},
  title = {Phone Classification with Segmental Features and a Binary-Pair Partitioned
	Neural Network Classifier},
  booktitle = {Proc.~ICASSP97},
  year = {1997},
  pages = {1011--1014}
}

@ARTICLE{Zahorian99,
  author = {Zahorian, S. and Nossair, Z.},
  title = {A partitioned neural network approach for vowel classification using
	smoothed time/frequency features},
  journal = {IEEE Trans. on Speech and Audio Processing},
  year = {1999},
  volume = {7},
  pages = {414-25},
  number = {4}
}

@INPROCEEDINGS{Zhang04,
  author = {Zhang,H and Ho,T and Linz,M},
  title = {An Evolutionary K-means Algorithm for Clustering Time Series Data},
  booktitle = {International Conference on Machine Learning	and Cybernetics},
  year = {2004},
  pages = {26-29}
}

@INPROCEEDINGS{Zhang99,
  author = {Zhang, X. and Ramani, V. and Long, Z. and Zeng, Y. and Ganapathiraju,
	A. and Picone, J.},
  title = {Scenic beauty estimation using independent component analysis and
	support vector machines},
  booktitle = {IEEE Southeastcon},
  year = {1999},
  pages = {274-277}
}

@ARTICLE{Zheng08,
  author = {Jinhua Zheng and Miqing Li},
  title = {An Efficient Method for Maintaining Diversity in Evolutionary Multi-objective
	Optimization},
  journal = {Fourth International Conference on Natural Computation},
  year = {2008},
  volume = {6},
  pages = {462 - 467}
}

@ARTICLE{Guyon02,
 author = {I. Guyon  and J. Weston and S. Barnhill and V. Vapnik},
 title = {Gene Selection for Cancer Classification using Support Vector Machines},
 journal = {Machine Learning},
 volume = {46},
 issue = {1-3},
 month = {March},
 year = {2002},
 pages = {389--422}
}


@INPROCEEDINGS{Zhu01,
  author = {J. Zhu and T. Hastie},
  title = {Kernel Logistic Regression and the Import Vector Machine},
  booktitle = {NIPS},
  year = {2001}
}

@TECHREPORT{Zitzler99,
  author = {E. Zitzler and K. Deb and L. Thiele},
  title = {Comparison of Multiobjective Evolutionary Algorithms: empirical results
	(Revised Version)},
  institution = {Computer Engineering and Networks Laboratory (ETH Zurich)},
  year = {1999}
}

@TECHREPORT{Zitzler01,
  author = {E. Zitzler and M. Laumanns and L. Thiele},
  title = {SPEA2: Improving the Strength Pareto Evolutionary Algorithm},
  institution = { Computer Engineering and Networks Laboratory (ETH Zurich)},
  year = {2001}
}

@INPROCEEDINGS{Zue88,
  author = {V. Zue and S. Seneff},
  title = {Transcription and alignment of the {TIMIT} database},
  booktitle = {Proceedings of the Second Meeting on Advanced Man-Machine Interface
	through Spoken Language},
  year = {1988}
}

@INPROCEEDINGS{Zweig00,
  author = {Zweig, G.},
  title = {Boosting {G}aussian mixtures in an {LVCSR} system},
  booktitle = {ICASSP},
  year = {2000},
  pages = {1527-30}
}

@BOOK{vanSanten96,
  title = {{Progress in Speech Synthesis}},
  publisher = {Springer-Verlag},
  year = {1996},
  editor = {J.P.H. van Santen and J. Hirschberg and J. Olive and R. Sproat},
  address = {New York},
  amazon-url = {http://www.amazon.de/exec/obidos/ASIN/0387947019},
  isbn = {0-387-94701-9},
  remarks = {van Santen Author Links: \url{http://www.bell-labs.com/project/tts/BOOK.html},
	Springer Heidelberg: \url{http://www.springer.de/cgi-bin/search_book.pl?isbn=0-387-94701-9},
	Springer New-York: \url{http://www.springer-ny.com/catalog/np/may96np/DATA/0-387-94701-9.html}}
}

@BOOK{shrager:book90,
  title = {Computational Models of Scientific Discovery and Theory Formation},
  publisher = {Morgan Kaufmann},
  year = {1990},
  editor = {J. Shrager and P. Langley},
  address = {San Francisco}
}

@BOOK{Smola00,
  title = {Advances in large margin classifiers},
  publisher = {MIT Press},
  year = {2000},
  editor = {Smola, A. and Bartlett, P. and Scholkopf, B. and Schuurmans, D.}
}

@MISC{atis,
  title = {http://www.speech.sri.com/demos/atis.html.}
}

@MISC{CMU-sphinx,
  title = {http://www.speech.cs.cmu.edu/sphinx/},
  key = {Sphinx}
}

@MISC{demo,
  title = {http://speech.ucsd.edu/demos.}
}

@MISC{DGMM,
  title = {http://www.deec.ufpa.br/laps/dgmm},
  key = {DGMM}
}

@MISC{Fu,
  title = {http://five-percent-nation.mit.edu/SvmFu},
  key = {Fu}
}

@MISC{ISIP,
  title = {http://www.isip.msstate.edu},
  key = {ISIP}
}

@MISC{javasun,
  title = {http://developer.java.sun.com/developer/earlyAccess.}
}

@MISC{KlattDemo,
  title = {http://www.icsi.berkeley.edu/eecs225d/klatt.html},
  key = {KlattDemo}
}

@MISC{Light,
  title = {http://svmlight.joachims.org},
  key = {Light}
}

@MISC{PLP,
  title = {http://ece.ogi.edu/ASP/plp.html},
  key = {PLP}
}

@MISC{Remos,
  title = {http://speech.ucsd.edu/aldebaro/repository},
  key = {Remos}
}

@MISC{SphinxFAQ,
  title = {http://www-2.cs.cmu.edu/$\sim$rsingh/sphinxman/FAQ.html},
  key = {SphinxFAQ}
}

@MISC{Torch,
  title = {http://old-www.idiap.ch/learning/SVMTorch.html},
  key = {Torch}
}

@MISC{UCI,
  title = {http://www.ics.uci.edu/$\sim$mlearn/MLRepository.html},
  key = {UCI}
}

@MISC{USFS,
  title = {http://www.isip.msstate.edu/publications/reports/usfs\_imaging/1996/database/users\_guide.pdf}
}

@MISC{USFS_ak,
  title = {http://speech.ucsd.edu/aldebaro/usfs}
}

@MISC{voicexml,
  title = {http://www.voicexml.org.}
}

@MISC{w3voice,
  title = {http://www.w3.org/Voice.},
  key = {w3voice}
}


@MISC{JMATLINK,
  title = {http://jmatlink.sourceforge.net},
  year = {Visited in November, 2005},
  key = {JMATLINK}
}

@MISC{ATT,
  title = {http://www.research.att.com/projects/tts/demo.html},
  year = {Visited in March, 2005},
  key = {AT\&T}
}


@MISC{DOSVOX,
  title = {http://intervox.nce.ufrj.br/dosvox/},
  year = {Visited in March, 2005},
  key = {DOSVOX}
}

@MISC{HTS,
  title = {http://hts.ics.nitech.ac.jp/},
  year = {Visited in March, 2005},
  key = {HTS}
}

@MISC{JSAPI,
  title = {http://java.sun.com/products/java-media/speech/},
  year = {Visited in March, 2005},
  key = {JSAPI}
}

@MISC{LDC,
  title = {http://www.ldc.upenn.edu.},
  year = {Visited in March, 2005},
  key = {LDC}
}

@MISC{SAPI,
  title = {http://www.microsoft.com/speech/},
  year = {Visited in March, 2005},
  key = {SAPI}
}

@MISC{Weka,
  title = {http://www.cs.waikato.ac.nz/ml/weka},
  year = {visited in 2011},
  key = {Weka}
}

@MISC{HTK,
  title = {http://htk.eng.ac.uk},
  year = {2005},
  key = {HTK}
}

@MISC{Sphinx4,
  title = {http://cmusphinx.sourceforge.net/sphinx4/},
  year = {2005},
  key = {Sphinx}
}

@MISC{SPOLTECH,
  title = {Advancing human language technology in Brazil and the United States
	through collaborative research on Portuguese spoken language systems},
  year = {2001},
  address = {Federal University of Rio Grande do Sul, University of Caxias do
	Sul, Colorado University, and Oregon Graduate Institute.},
  key = {SPOLTECH},
  publisher = {Final Report, July 2001}
}
