@phdthesis {,
   author = {},
   title = {},
   school = {},
   year = {} }

@techreport {,
   author = {},
   title = {},
   institution = {},
   year = {} }

@inbook {,
   author = {},
   title = {},
   publisher = {},
   address = {},
   year = {},
   type = {},
   chapter = {},
   editor = {} }

@misc{,
   author = {},
   title = {},
   text = {},
   year = {},
   url = {} }

@book {,
   author = {},
   title = {},
   publisher = {},
   year = {} }

@article {,
   author = {},
   title = {},
   journal = {},
   volume = {},
   pages = {},
   year = {} }

@inproceedings {,
   author = {},
   title = {},
   bookTitle = {},
   pages = {},
   year = {} }

@book {Davis79,
   author = {P. J. Davis},
   title = {Circulant Matrices},
   publisher = {John-Wiley},
   year = {1979} }

@article {Barber96,
   author = {C. Barber and D. Dobkin and H. Huhdanpaa},
   title = {The Quickhull Algorithm for Convex Hulls},
   journal = {{ACM} Transactions on Mathematical Software},
   volume = {22},
   pages = {469-483},
   month = {Dec.},
   year = {1996} }

@book {Goodman04,
   editor = {J. Goodman and J. O'Rourke},
   title = {The Handbook of Discrete and Computational Geometry},
   publisher = {Chapman \& Hall/CRC},
   edition = {2nd},
   year = {2004} }

@misc{Qhull09,
   author = {},
   title = {Qhull},
   text = {},
   year = {},
   url = {www.qhull.org} }

@book {Fowler99,
   author = {Martin Fowler and Kent Beck and John Brant and William Opdyke and Don Roberts},
   title = {Refactoring: Improving the Design of Existing Code},
   publisher = {Addison-Wesley},
   year = {1999} }

@book {Quercia91,
   author = {Quercia, V. and O'Reilly, T.},
   title = {{X Window system user's guide: OSF/Motif edition,
chapter An Introduction to the X Window System}},
   publisher = {O'Reilly Associates,
Inc.},
   year = {1991} }
   
@misc{C3SL08,
  author = {Centro de Computaï¿½ï¿½o Cientï¿½fica e Software Livre },
  title = {{Linux Multiterminal}},
  note = {Disponï¿½vel em: http://www.c3sl.ufpr.br/multiterminal/index-pt.php, acesso em 10/05/2008}}

@misc{EVDEV,
  title = {{Input-Linux-Evdev}},
  note = {Disponï¿½vel em: http://manpages.debian.net/, acesso em 10/10/2007}}

@misc{FreeDesktop07,
  author = {freedesktop.org},
  title = {{XGL}},
  note = {Disponï¿½vel em: http://www.freedesktop.org, acesso em 15/06/2007}}  

@misc{LTSP07,
  author = {Linux Terminal Server Project},
  title = {{LTSP}},
  note = {Disponï¿½vel em: http://www.ltsp.org/, acesso em 15/06/2007}}  
  
@misc{SET07,
  author = {UFPA},
  title = {{Servidor de Estaï¿½ï¿½es de Trabalho}},
  note = {Disponï¿½vel em: http://sig.ufpa.br/set/index.html, acesso em 15/06/2007}}


@misc{ivair,
  author = {Ivair Rodrigues},
  title = {{Mercado Brasileiro de PC's Clones}},
  note = {Disponï¿½vel em: http://www.abinee.org.br/informac/arquivos/mercpc.pdf, acesso em 10/12/2007}}

@misc{computador,
  title = {{Computador para Todos}},
  Note = {Disponï¿½vel em: http://www.computadorparatodos.gov.br, acesso em 09/12/2007}}

@misc{ProcessoBolonhaURL,
  title = {{Processo de Bolonha: fazer convergir os sistemas de ensino superior}},
  note = {Dispon\'ivel em: http://europa.eu/scadplus/leg/pt/cha/c11088.htm}} 

    
@article {Bhatnagar,
Author = {S. Bhatnagar},
Title = {Social Implications and Communication Technology in Developing Countries: Lessons from Asian Sucess Stories},
Journal = {The Electronic Journal of Information Systems in Developing Countries},
Year = {2000}
}

@article {Oliveira06,
Author = {Ander Conselvan de Oliveira and Tiago Vignatti and Daniel Weigaertner and Fabiano Silva and Marcos Castilho and Marcos Sunye},
Title = {{Um modelo de computaï¿½ï¿½o multiusuï¿½rio baseado em
computadores pessoais}},
Journal = {Fï¿½rum Internacional de Software Livre},
Year = {2006}
}

@article {Nogueira01,
Author = {Conceiï¿½ï¿½o Nogueira},
Title = {{Construcionismo social, discurso e gï¿½nero.}},
Year = {2001}
} 

@article {Moura02,
Author = {Ana Maria Mielniczuk de Moura and Ana Maria Ponzio de Azevedo and Querte Mehlecke},
Title = {{As Teorias de Aprendizagem e os Recursos da Internet Auxiliando o Professor na Construï¿½ï¿½o do Conhecimento}},
Year = {2002}
} 

As Teorias de Aprendizagem e os Recursos da Internet Auxiliando o Professor na Construï¿½ï¿½o do Conhecimento
@article {Domingues06,
Author = {Vinicius Domingues},
Title = {{Implementaï¿½ï¿½o e Anï¿½lise de Multiterminais com Sistema Operacional Linux}},
Journal = {Trabalho de Conclusï¿½o de Curso - UFPA},
Year = {2006}
}

@techreport {unesco,
Author = {UNESCO},
Title = {{Teacher Education Trough Distance Learning - Tecnology, Curriculum, Cost, Evaluation}},
Year = {2001} }

@inproceedings {mtec,
Author = {D. Magalhï¿½es and M. Schiel},
Title = {{Technology Integration and Production of Educational Multimedia Material by the Pre-service Teacher}},
BookTitle = {World Conference on Educational Multimedia, Hypermedia and Telecommunications 2004},
Pages = {3129-3133},
Year = {2004} }

@inproceedings {teleduc,
Author = {Linhares, G. and Paroneto, M.},
Title = {{Spinning the Web of Continuing Education: Perspectives and Challenges of Using Education at Distance Technology in University Level Teacher Education Courses}},
BookTitle = {Society for Information Technology and Teacher Education Internacional Conference 2004},
Pages = {2551-2554},
Year = {2004} }

@misc{kth,
  title = {{ICT for International Development Programme}},
  note = {Disponï¿½vel em: http://www.dsv.su.se/research/sida/index.shtml, acesso em 10/12/2007}}

@misc{spider,
  title = {{Swedish Program for Information and Communication Technology in Developing Regions}},
  note = {Disponï¿½vel em: http://www.spider-center.org, acessado em 10/12/2007}}
  
@misc{Moodle08,
  author = {Moodle.org},
  title = {{Moodle}},
  note = {Disponï¿½vel em: http://www.moodle.org, acessado em 29/06/2008}}

@misc{GPL08,
  author = {Free Software Foundation},
  title = {{Gnu Public License}},
  note = {Disponï¿½vel em: http://www.gnu.org/licenses/gpl.html, acessado em 29/06/2008}}
  
@book {Knuth90,
   author = {Donald Knuth},
   title = {{The Tex Book}},
   publisher = {Addison Wesley},
   year = {1990}}
   
@inproceedings {Agaiby97,
   author = {H. Agaiby and C. Fyte and S. McGlinchey and T. Moir},
   title = {Commercial Speech Recognizers performance under adverse conditions, a survey},
   bookTitle = {ESCA-NATO Tutorial and Research Workshop},
   pages = {163--166},
   year = {apr 1997} }
 
@book {Kurose06,
   author = {James F. Kurose and Keith W. Ross },
   title = {Redes de Computadores e a Internet: Uma abordagem top-down},
   original_title  = "Computer networking third edition a top-down approach featuring the Internet",
   translator = "Arlete	Simille Marques",
   publisher = {Pearson Addison Wesley},
   edition = "3th", 	
   ISBN = "85-88639-18-1",
   pages = "634", 
   year = {2006} }

@book {Deitel03,
   author = {H. M. Deitel and P. J. Deitel},
   title = {Java como programar},
   original_title  ="Java How to Program",
   translator = "Carlos Arthur Lang Lisbï¿½a",
   publisher = {Bookman},
   year = {2003},
   ISBN = "85-363-0123-6",
   edition = "4th", 	
   pages = "1385"   
  }
   
@book {svn05,
   author = {Mike Mason},
   title = {Pragmatic Version Control using Subversion},
   publisher = {The Pragmatic Bookshelf},
   year = {2005} }

@book {Tanenbaum03,
   author = {Andrew S. Tanenbaum},
   title = {Redes de computadores},
   translator = "Vandengerg D. Souza",
   publisher = {Editora Campos},
   edition = "4th", 	
   year = {2003},
   pages = "945",
   ISBN = "85-352-1185-3"}

@book {Luiz95,
   author = {Luiz Fernando Gomes Soares and Guido Lemos and Sï¿½rgio Colcher},
   title = {Redes de computadores: das LANs, MANs e WANs ï¿½s redes ATM},
   publisher = {Elsevier and Editora Campos},
   year = {1995} }

@book {Gustafson03,
   author = {David A. Gustafson},
   title = {Teoria e problemas de engenharia de software},
   publisher = {Bookman},
   year = {2003} }
   
@book {Jain91,
   author = {Raj Jain},
   title = {Art of Computer Systems Performance Analysis Techniques For Experimental Design Measurements Simulation And Modeling},
   publisher = {Wiley, John and Sons},
   year = {1991} }



@misc{IEEE80211e,
  title = {{IEEE Standard for Local and Metropolitan Area Networks}},
  note = {Disponível em:http://standards.ieee.org/getieee802/download/802.16.2-2004.pdf, acesso em 16/06/2011}}
  
@misc{mathworks,
  title = {{WiMAX 802.16e Physical Layer}},
  note = {Disponível em:http://www.mathworks.com/matlabcentral/fileexchange/15513-wimax-802-16e-physical-layer, acesso em 01/06/2011}}

@misc{wimax,
  title = {{WiMAX forum}},
  note = {Disponível em:http://www.wimaxforum.org/, acesso em 01/06/2011}}


@article {modelwimax,
   author = {Muhammad Nadeem Khan and Sabir Ghauri},
   title = {The WiMAX 802.16e Physical Layer Model},
   volume = {22},
   year = {11-12 Jan. 2008 },
    }
@book {OFDM,
   author = {Yong Soo Cho},
   title = {MIMO-OFDM Wireless Communications with MATLAB},
   publisher = {Hardcover},
   year = {2010} }
@misc{wimaxMAC,
  title = {{WiMAX 802.16e PHY and MAC (beta)}},
  note = {Disponível em:http://www.mathworks.com/matlabcentral/fileexchange/21039-wimax-802-16e-phy-and-mac-beta, acesso em 05/06/2011}}

