% This file was created with JabRef 2.3.1.
% Encoding: Cp1252

@CONFERENCE{Ba2,
  author = {P. G. J. Barten},
  title = {Effects of Quantization and Pixel Structure on the Image Quality
	of Color Matrix Displays},
  booktitle = {Proc. Int. Display Research Conf.},
  year = {1991},
  pages = {167-170},
  month = oct
}

@ARTICLE{Ba1,
  author = {P. G. J. Barten},
  title = {The Effects of Picture Size and Definition on Perceived Quality},
  journal = IEEE_J_ED,
  year = {1989},
  volume = {36},
  pages = {1865-1869},
  number = {9},
  month = sep
}

@MISC{BT.500-112002,
  author = {ITU-R Recommendation BT.500-11},
  title = {Methodology for the Subjective Assessment for the Television Pictures},
  year = {2002},
  owner = {zampolo},
  timestamp = {2008.03.26}
}

@CONFERENCE{Car,
  author = {M. Carnec and P. Le Callet and D. Barba},
  title = {An Image Quality Assessment Method Based on Perception of Structural
	Information},
  booktitle = {Proc. IEEE Int. Conf. Image Processing},
  year = {2003},
  month = sep
}

@INPROCEEDINGS{Channappayya2006,
  author = {Channappayya, S.S. and Bovik, A.C. and Heath, R.W.},
  title = {A Linear Estimator Optimized for the Structural Similarity Index
	and its Application to Image Denoising},
  booktitle = {Proc. IEEE International Conference on Image Processing},
  year = {2006},
  pages = {2637--2640},
  month = {8--11 Oct. },
  doi = {10.1109/ICIP.2006.313051},
  owner = {urban},
  timestamp = {2008.03.31}
}

@ARTICLE{Dam,
  author = {N. Damera-Venkata and T. D. Kite and W. S. Geisler and others},
  title = {Image Quality Assessment Based on a Degradation Model},
  journal = IEEE_J_IP,
  year = {2000},
  volume = {9},
  pages = {636-650},
  number = {4},
  month = apr
}

@CONFERENCE{Fon,
  author = {B. Fontaine and A. Saadane and A. Thomas},
  title = {Perceptual Quality Metrics: Evaluation of Individual Components},
  booktitle = {Proc. IEEE Int. Image Processing},
  year = {2004},
  pages = {3507-3510},
  month = oct
}

@INBOOK{Gir,
  pages = {207-220},
  title = {What's wrong with mean-squared error},
  publisher = {MIT Press},
  year = {1993},
  editor = {A. B. Watson},
  author = {B. Girod},
  address = {Cambridge, MA},
  booktitle = {Digital Images and Human Vision}
}

@BOOK{Kee,
  title = {Handbook of Image Quality},
  publisher = {Marcel Dekker},
  year = {2002},
  author = {B. W. Keelan}
}

@MISC{ivcdb,
  author = {Le Callet, Patrick and Autrusseau, Florent},
  title = {Subjective quality assessment IRCCyN/IVC database},
  year = {2005},
  note = {http://www.irccyn.ec-nantes.fr/ivcdb/}
}

@ARTICLE{Lee2002,
  author = {Sanghoon Lee and Pattichis, M.S. and Bovik, A.C.},
  title = {Foveated video quality assessment},
  journal = IEEE_J_MM,
  year = {2002},
  volume = {4},
  pages = {129--132},
  number = {1},
  month = {March },
  doi = {10.1109/6046.985561},
  owner = {urban},
  timestamp = {2008.03.31}
}

@BOOK{Mic,
  title = {Studies in Optics},
  publisher = {Dover Publications},
  year = {1995},
  author = {A. A. Michelson},
  edition = {3}
}

@CONFERENCE{Mit,
  author = {T. Mitsa and K. L. Varkur},
  title = {Evaluation of Contrast Sensitivity Functions for the Formulation
	of Quality Measures Incorporated in Halftoning Algorithms},
  booktitle = {Proc. IEEE Int. Conf. Acoustics, Speech and Signal Processing},
  year = {1993},
  volume = {5},
  pages = {301-304},
  month = apr
}

@ARTICLE{Nad,
  author = {N. J. Nadenau and J. Reichel and M. Kunt},
  title = {Performance comparison of masking models based on a new psychovisual
	test method with natural scenery stimuli},
  journal = {Signal Processing: Image Communication},
  year = {2002},
  volume = {17},
  pages = {807-823},
  month = nov
}

@BOOK{Pap,
  title = {Probability, Ramdom Variables, and Stochastic Processes},
  publisher = {McGraw-Hill},
  year = {1991},
  author = {A. Papoulis and S. U. Pillai},
  series = {Electrical \& Electronic Engineering},
  edition = {4}
}

@ARTICLE{Pattichis2007a,
  author = {Pattichis, M.S. and Bovik, A.C.},
  title = {Analyzing Image Structure by Multidimensional Frequency Modulation},
  journal = IEEE_J_PAMI,
  year = {2007},
  volume = {29},
  pages = {753--766},
  number = {5},
  month = {May },
  doi = {10.1109/TPAMI.2007.1051},
  owner = {urban},
  timestamp = {2008.03.31}
}

@ARTICLE{Pe1,
  author = {E. Peli},
  title = {Contrast in Complex Images},
  journal = {J. Opt. Soc. Am. A},
  year = {1997},
  volume = {7},
  pages = {2032-2040},
  number = {10}
}

@ARTICLE{Pe2,
  author = {E. Peli},
  title = {In Search of a Contrast Metric: Matching the Perceived Contrast of
	Gabor Patches at Different Phases and Bandwidths},
  journal = {Vision Res.},
  year = {1990},
  volume = {37},
  pages = {3217-3224},
  number = {23},
  month = oct
}

@BOOK{Pra,
  title = {Digital Image Processing},
  publisher = {John Wiley \& Sons},
  year = {2002},
  author = {W. K. Pratt},
  edition = {3}
}

@BOOK{Pre,
  title = {Numerical Recipes in Pascal},
  publisher = {Cambridge University Press},
  year = {1996},
  author = {W. H. Press and B. P. Flannery and S. A. Teukolsky and W. T. Vetterling}
}

@INPROCEEDINGS{Raj2007,
  author = {Raj, Raghu G. and Bovik, Alan C. and Geisler, Wilson S.},
  title = {Non-Stationarity Detection in Natural Images},
  booktitle = {Proc. IEEE International Conference on Image Processing ICIP 2007},
  year = {2007},
  volume = {3},
  pages = {III--305--III--308},
  month = {Sept. 16 2007--Oct. 19 },
  doi = {10.1109/ICIP.2007.4379307},
  owner = {urban},
  timestamp = {2008.03.31}
}

@CONFERENCE{Roh,
  author = {A. M. Rohaly and P. Corriveau and J. Libert and A. Webster and V.
	Baroncini and J. Beerends and J. L. Blin and L. Contin and T. Hamada
	and D. Harrison and A. Hekstra and J. Lubin and Y. Nishida and R.
	Nishihara and J. Pearson and A. F. Pessoa and N. Pickford and A.
	Schertz and M. Visca and A. Watson and S. Winkler},
  title = {Video Quality Experts Group: Current Results and Future Directions},
  booktitle = {vcip},
  year = {2000},
  volume = {3},
  pages = {742-753}
}

@ARTICLE{Sabir2006,
  author = {Sabir, M.F. and Sheikh, H.R. and Heath, R.W., Jr. and Bovik, A.C.},
  title = {A joint source-channel distortion model for JPEG compressed images},
  journal = IEEE_J_IP,
  year = {2006},
  volume = {15},
  pages = {1349--1364},
  number = {6},
  month = {June },
  doi = {10.1109/TIP.2006.871118},
  owner = {urban},
  timestamp = {2008.03.31}
}

@INPROCEEDINGS{Seshadrinathan2007,
  author = {Seshadrinathan, K. and Bovik, A.C.},
  title = {A Structural Similarity Metric for Video Based on Motion Models},
  booktitle = {Proc. IEEE International Conference on Acoustics, Speech and Signal
	Processing ICASSP 2007},
  year = {2007},
  volume = {1},
  pages = {I--869--I--872},
  month = {15--20 April },
  doi = {10.1109/ICASSP.2007.366046},
  owner = {urban},
  timestamp = {2008.03.31}
}

@ARTICLE{Sheikh2006a,
  author = {Sheikh, H.R. and Bovik, A.C.},
  title = {Image information and visual quality},
  journal = IEEE_J_IP,
  year = {2006},
  volume = {15},
  pages = {430--444},
  number = {2},
  month = {Feb. },
  doi = {10.1109/TIP.2005.859378},
  owner = {urban},
  timestamp = {2008.03.31}
}

@ARTICLE{Sheikh2005a,
  author = {Sheikh, H.R. and Bovik, A.C. and Cormack, L.},
  title = {No-reference quality assessment using natural scene statistics: JPEG2000},
  journal = IEEE_J_IP,
  year = {2005},
  volume = {14},
  pages = {1918--1927},
  number = {11},
  month = {Nov. },
  doi = {10.1109/TIP.2005.854492},
  owner = {urban},
  timestamp = {2008.03.31}
}

@ARTICLE{Sheikh2005,
  author = {Sheikh, H.R. and Bovik, A.C. and de Veciana, G.},
  title = {An information fidelity criterion for image quality assessment using
	natural scene statistics},
  journal = IEEE_J_IP,
  year = {2005},
  volume = {14},
  pages = {2117--2128},
  number = {12},
  month = {Dec. },
  doi = {10.1109/TIP.2005.859389},
  owner = {urban},
  timestamp = {2008.03.31}
}

@ARTICLE{Sheikh2006,
  author = {Sheikh, H.R. and Sabir, M.F. and Bovik, A.C.},
  title = {A Statistical Evaluation of Recent Full Reference Image Quality Assessment
	Algorithms},
  journal = IEEE_J_IP,
  year = {2006},
  volume = {15},
  pages = {3440--3451},
  number = {11},
  month = {Nov. },
  doi = {10.1109/TIP.2006.881959},
  owner = {urban},
  timestamp = {2008.03.31}
}

@MISC{She,
  author = {H. R. Sheikh and Z. Wang and L. Cormack and A. C. Bovik},
  title = {LIVE Image Quality Assessment database},
  year = {2006},
  note = {http://live.ece.utexas.edu/research/quality}
}

@CONFERENCE{Teo,
  author = {P. C. Teo and D. J. Heeger},
  title = {Perceptual Image Distortion},
  booktitle = {Proc. IEEE Int. Conf. Image Processing},
  year = {1994},
  volume = {2},
  pages = {982-986},
  month = nov,
  vol = {2}
}

@ARTICLE{Wang2002a,
  author = {Zhou Wang and Bovik, A.C.},
  title = {A universal image quality index},
  journal = IEEE_J_SPL,
  year = {2002},
  volume = {9},
  pages = {81--84},
  number = {3},
  month = {March },
  doi = {10.1109/97.995823},
  owner = {urban},
  timestamp = {2008.03.31}
}

@ARTICLE{Wan,
  author = {Z. Wang and A. C. Bovik and H. R. Sheikh and E. P. Simoncelli},
  title = {Image Quality Assessment: From Error Visibility to Structural Similarity},
  journal = IEEE_J_IP,
  year = {2004},
  volume = {13},
  pages = {600-612},
  number = {4}
}

@ARTICLE{Wang2006,
  author = {Zhou Wang and Guixing Wu and Sheikh, H.R. and Simoncelli, E.P. and
	En-Hui Yang and Bovik, A.C.},
  title = {Quality-aware images},
  journal = IEEE_J_IP,
  year = {2006},
  volume = {15},
  pages = {1680--1689},
  number = {6},
  month = {June },
  doi = {10.1109/TIP.2005.864165},
  owner = {urban},
  timestamp = {2008.03.31}
}

@CONFERENCE{Zam3,
  author = {R. F. Zampolo and R. Seara},
  title = {A Comparison of Image Quality Metric Performances Under Practical
	Conditions},
  booktitle = {Proc. IEEE Int. Conf. Image Processing},
  year = {2005},
  month = sep
}

@CONFERENCE{Zam2,
  author = {R. F. Zampolo and R. Seara},
  title = {Perceptual Image Quality Assessment Based on Bayesian Networks},
  booktitle = {Proc. IEEE Int. Conf. Image Processing},
  year = {2004},
  month = oct
}

@CONFERENCE{Zam1,
  author = {R. F. Zampolo and R. Seara},
  title = {A Measure for Perceptual Image Quality Assessment},
  booktitle = {Proc. IEEE Int. Conf. Image Processing},
  year = {2003},
  month = sep
}

@ARTICLE{,
  citeseerurl = {gonzales},
  owner = {urban},
  timestamp = {2008.04.05}
}

@OTHER{Bay1,
  note = {last access in Dec. 2003},
  organization = {I.D.I.S Artificial Intelligence Resources},
  title = {Bayesian Networks},
  url = {http://excalibur.brc.uconn.edu/~baynet/}
}

@OTHER{Bay2,
  note = {last access in Dec. 2003},
  organization = {I.D.I.S Artificial Intelligence Resources},
  title = {A Brief Introduction to Graphical Models and Bayesian Networks},
  url = {http://www.ai.mit.edu/~murphyk/Bayes/bayes.html}
}

@OTHER{Nor,
  note = {last access in Dec. 2003},
  organization = {Norsys Software Corp.},
  title = {Netica\raisebox{1ex}{\scriptsize{\textsc{TM}}} Application v1.12},
  url = {www.norsys.com}
}

@MISC{2002,
  title = {Final Report From the Video Quality Experts Group on the Validation
	of Objective Models of Video Quality Assessment VQEG},
  howpublished = {on-line},
  month = {mar},
  year = {2002},
  owner = {zampolo},
  timestamp = {2008.03.26},
  url = {www.vqeg.org}
}

@INPROCEEDINGS{Ono97,
title={High performance multimedia database system support for image processing},
author={Andres, F. and Ono, K. and Makinouchi, A. and Kaneko, K.},
booktitle={Database and Expert Systems Applications, 1997. Proceedings., Eighth International Workshop on},
year={1997},
month={Sep},
volume={},
number={},
pages={761-766},
keywords={image processing, multimedia computing, parallel programming, visual databasesActive hypermedia project, MODOS, NACSIS, NMWA, Online Image Delivery System, Phasme, application oriented DBMS, customizable framework, customization capability, design concept, high performance multimedia database system support, image processing, image query execution plan, imaging database, information server, microkernel database system, multimedia applications, parallel image processing, vertically parallel image processing},
doi={10.1109/DEXA.1997.617422},
ISSN={}, }


