% This file was created with JabRef 2.5.
% Encoding: Cp1252

@ARTICLE{Ben06,
  author = {Ben Greenstein et al. {et al.}},
  title = {Capturing High-Frequency Phenomena Using a Bandwidth-Limited Sensor
	Network},
  journal = {The 4th ACM Conference on Embedded Networked Sensor Systems - SenSys'06},
  year = {2006},
  month = {November}
}

@INPROCEEDINGS{Cai07,
  author = {Jinhai Cai and D. Ee and Binh Pham and P. Roe and Jinglan Zhang},
  title = {Sensor Network for the Monitoring of Ecosystem: Bird Species Recognition},
  booktitle = {3rd Inter. Conf. on Intelligent Sensors, Sensor Networks and Information},
  year = {2007},
  pages = {293 - 298}
}

@INPROCEEDINGS{Ilan10,
  author = {Ilan S. Correa and Lilian Freitas and Joao Costa and Aldebaro Klautau},
  title = {A Wireless Sensor Network for Monitoring the Sound of Animals in
	Tropical Forests},
  booktitle = {10th Microelectronics Students Forum (SForum)},
  year = {2010}
}

@BOOK{nescbook,
  title = {nesC 1.1 Language Reference Manual},
  publisher = {\url{http://nescc.sourceforge.net/papers/nesc-ref.pdf}},
  year = {2003},
  author = {David Gay, Philip Levis, David Culler, Eric Brewer}
}

@ARTICLE{Glisson72,
  author = {M. D. Paez and T. H. Glisson},
  title = {Minimum mean-squared-error quantization in speech PCM and DPCM systems},
  journal = {IEEE Trans. on Communications},
  year = {1972},
  volume = {20},
  pages = {225--30},
  month = {4}
}

@INPROCEEDINGS{Pazarloglou09,
  author = {Andria Pazarlaglou and Radu Stoleru and Ricardo Gutierrez-Osuna},
  title = {High-resolution speech signal reconstruction in wireless sensor networks},
  booktitle = {6th IEEE Conf. on Consumer Comm. and Networking},
  year = {2009}
}

@ARTICLE{trickle,
  author = {Neil Patel David Culler {Philip Levis} and Scott Shenker},
  title = {Trickle: A Self-Regulating Algorithm for Code Maintenance and Propagation
	in Wireless Sensor Networks},
  journal = {In Proceedings of the First USENIX/ACM Symposium on Networked Systems
	Design and Implementation},
  year = {2004}
}

@MISC{nesc2,
  author = {{UC} {B}erkeley {WEBS} {P}roject},
  title = {nesC: A Programming Language for Deeply Networked Systems},
  year = {Accessed in 2010.},
  note = {\url{http://nescc.sourceforge.net/}}
}


@MISC{memsic,
  author = {MEMSIC},
  title = {{MEMSIC} Inc.},
  year = {Accessed in 2011.},
  note = {\url{http://www.memsic.com/}}
}

@BOOK{Rossing07,
  title = {Springer Handbook of Acoustics},
  publisher = {Springer},
  year = {2007},
  author = {Thomas Rossing},
  edition = {1}
}

@INPROCEEDINGS{Roy06,
  author = {O. Roy and M. Vetterli},
  title = {Distributed Compression in Acoustic Sensor Networks using Oversampled
	A/D Conversion},
  booktitle = {IEEE International Conference on Acoustics, Speech and Signal Processing},
  year = {2006},
  pages = {IV - IV}
}


@INPROCEEDINGS{Maher06,
  author = {Zhixin Chen and Robert C. Maher},
  title = {Semi-automatic classification of bird vocalizations using spectral peak tracks},
  booktitle = {Acoustical Society of America},
  year = {2006},
  pages = {2974-2984}
}

@MISC{DocTinyOS,
  author = {TinyOS},
  title = { TinyOS Source code documentation },
  note = {\url{http://www.tinyos.net/tinyos-2.1.0/doc/nesdoc/micaz}}
}

@MISC{montana,
  author = {},
  title = {Montana State University - Electrical and Computer engineering},
  note = {\url{http://www.coe.montana.edu/ee/}}
}

@MISC{nesc1,
  author = {Wikipedia},
  title = {NesC Language},
  note = {\url{http://en.wikipedia.org/wiki/NesC}}
}

@MISC{atmel,
  title = {Atmel inc.},
  note = {\url{http://www.atmel.com/}}
}

@MISC{Bioacoustics,
  title = {Bioacoustics - the International Journal of Animal Sound and its
	Recording},
  note = {\url{http://www.bioacoustics.info}}
}

@MISC{chipcon,
  title = {Chipcon Inc.},
  note = {\url{http://www.chipcon.com/}}
}

@MISC{collection,
  title = {Collection},
  note = {\url{http://www.tinyos.net/tinyos-2.1.0/doc/html/tep119.html}}
}

@MISC{collection2,
  title = {Collection tree protocol},
  note = {\url{http://www.tinyos.net/tinyos-2.1.0/doc/html/tep123.html}}
}

@MISC{crossbow,
  title = {Crossbow Technology Inc.},
  note = {\url{http://www.xbow.com/}}
}

@MISC{dissemination,
  title = {Dissemination of small values},
  note = {\url{http://www.tinyos.net/tinyos-2.1.0/doc/html/tep118.html}}
}

@MISC{Namitec,
  title = {Instituto {N}acional de {C}i\^encia e {T}ecnologia de {S}istemas
	{M}icro e {N}anoeletr\^onicos - {NAMITEC}},
  note = {\url{http://namitec.cti.gov.br}}
}

@MISC{serialforwarder,
  title = {Mote-PC serial communication and SerialForwarder},
  note = {\url{http://docs.tinyos.net/index.php/Mote-PC_serial_communication_and_SerialForwarder}}
}

@MISC{tinyos,
  title = {TinyOS},
  note = {\url{http://www.tinyos.net/}}
}

@ARTICLE{,
}

@INPROCEEDINGS{,
}

@PHDTHESIS{,
}

@TECHREPORT{,
}

@BOOK{,
}

@INBOOK{,
}

@MISC{,
}

