%basico
@book {Furui89,
Author = {Sadaoki Furui},
Title = {Digital Speech Processing, Synthesis, and Recognition},
Publisher = {Marcel Dekker, Inc.},
Pages = {9},
Year = {1989}
}

@phdthesis {Klautau2003Phd,
Author = {A. Klautau},
Title = {Speech Recognition Using Discriminative Classifiers},
School = {UCSD},
Year = {2003} }

%FalaBrasil
@article {Patrick01,
Author = {Patrick Silva and Pedro Batista and Nelson Neto and Aldebaro Klautau},
Title = {An Open-Source Speech Recognizer for Brazilian Portuguese with a Windows Programming Interface},
Journal = {The International Conference on Computational Processing of Portuguese (PROPOR)},
Year = {2010} }

%FalaBrasil
@misc{Patrick2008,
  author = {Carlos Patrick Alves da Silva},
  title = {Sistemas de Reconhecimento de Voz para o Português Brasileiro utilizando os Corpora Spoltech e OGI-22},
  howpublished = {Universidade Federal do Pará, Instituto de Tecnologia},
  year = {2008},
  note = {Trabalho de Conclus‚àö¬£o de Curso} }

%MAPXMLLR, ASR



@MASTERSTHESIS{Patrick2010,
  author = {Carlos Patrick Alves da Silva},
  title = {Um Software de Reconhecimento de Voz para Português Brasileiro},
  school = {Instituto de Tecnologia da Universidade Federal do Par‚àö¬∞},
  year = {2010}
}

%ASR
@MASTERSTHESIS{Teruszkin2006,
  author = {Rafael Teruszkin Tevah},
  title = {Implementação de um Sistema de Reconhecimento de Fala Contínua com Amplo Vocabulário
para o Português Brasileiro},
  school = {Universidade Federal do Rio de Janeiro},
  year = {2006}
}

%HMM

@article {Baum70,
Author = {L. E. Baum and T. Petrie and G. Soules and N. Weiss},
Title = {A Maximization Technique Occurring in the Statistical Analysis of Probabilistic Functions of {M}arkov Chains},
Journal = {The Annals of Mathematical Statistics},
Volume = {41},
Pages = {164 - 171},
Year = {1970} }

@article {Rabiner83,
Author = {L. R. Rabiner et al},
Title = {On the Application of Vector Quantization and. Hidden Markov Models to Speaker-. Independent, Isolated Word Recognition},
Journal = {Bell System Tech. Journal.},
Volume = {63},
number   = {64},
Pages = {1074 - 1104},
month    = {April},
Year = {1983} }

@article {Baker75,
Author = {J. K. Baker},
Title = {The Dragon System - an Overview},
Journal = {IEEE Transactions on ASSP},
Volume = {23},
number   = {1},
Pages = {24 - 29},
month    = {Fabruary},
Year = {1975} }

@article {Young94,
Author = {S. Young and P. Woodland},
Title = {State clustering in hmm-based continuous speech recogni-
tion},
Journal = {Computer Speech and Language},
Volume = {8},
Pages = {369 - 384},
Year = {1994} }

@inproceedings {Bahl94,
Author = {Bahl, L.R. and Souza, P.V. and Gopalakrishnan, P.S. and Nahamoo, D. and Picheny, M.A.},
Title = {Context Dependent Modeling of Phones in Continuous Speech Using Decision Trees},
BookTitle = {DARPA Speech and Natural Language Processing Workshop},
Pages = {264-270},
Year = {1994} }

%Modelo de Linguagem
@article {Lippmann97,
Author = {Lippmann, R.P.},
Title = {Speech Recognition by Machines and Humans},
Journal = {Speech Communication},
Volume = {22},
Pages = {1-15},
Year = {1997} }

@inproceedings {Silva04,
Author = {Enio Silva and Marcus Pantoja and Jackline C. and Aldebaro Klautau},
Title = {Modelos de Linguagem N-grama para Reconhecimento de Voz com Grande Vocabulário},
BookTitle = {TIL2004 - III Workshop em Tecnologia da Informação e da Linguagem Humana},
City = {Salvador},
Year = {2004} }

@article
{JM80,
  author   = {F. Jelinek and R. L. Mercer},
  title    = {Interpolated Estimation of Markov Source Parameters from Sparse Data},
  journal  = {Proceedings of the Workshop on Pattern Recognition in Practice},
  volume   = {},
  number   = {},
  pages    = {381-397},
  month    = {May},
  year     = {1980}
}

@article
{NE91,
  author   = {H. Ney and U. Essen},
  title    = {On Smoothing Techniques for Bigram-based Natural Language Modeling},
  journal  = icassp,
  volume   = {2},
  number   = {},
  pages    = {825-829},
  month    = {},
  year     = {1991}
}

@article
{NEK94,
  author   = {H. Ney and U. Essen and R. Kneser},
  title    = {On Structuring Probabilistic Dependences in Stochastic Language Modeling},
  journal  = {Computer Speech and Language},
  volume   = {8},
  number   = {},
  pages    = {1-38},
  month    = {},
  year     = {1994}
}

@article {Kneser95,
Author = {Kneser, R. and Ney, H.},
Title = {Improved backing-off for m-gram language modeling},
Journal = {IEEE International Conference on Acoustics, Speech and Signal Processing},
Year = {1995} 
}

@article
{NMW97,
  author   = {H. Ney and S. Martin and F. Wessel},
  title    = {Statistical Language Modeling using Leaving-one-out},
  journal  = {In Corpus Based Methods in Language and Speech Processing},
  volume   = {},
  number   = {},
  pages    = {174-207},
  month    = {},
  year     = {1997}
}

@article
{NikolaASRU03,
  author   = {N. Jevtic and A. Orlitsky},
  title    = {On the Relation Between Additive Smoothing and Universal Coding},
  journal  = {IEEE ASRU},
  year     = {2003}
}

@book {Chen98,
Author = {Chen, S. F. and Goodman, J.},
Title = {An Empirical Study of Smoothing Techniques for Language Modeling},
Publisher = {Computer Science Group, Harvard University},
Year = {1998}
}

@article
{Good53,
  author   = {I.J. Good},
  title    = {The Population Frequencies of Species and the Estimation of Population Parameters},
  journal  = {Biometrika},
  volume   = {40},
  number   = {3, 4},
  pages    = {237-264},
  month    = {},
  year     = {1953}
}

@article
{Katz87,
  author   = {S. Katz},
  title    = {Estimation of probabilities from sparse data for the language model component of a speech recognizer},
  journal  = {IEEE Transactions on Acoustics, Speech and Signal Processing},
  volume   = {35},
  number   = {},
  pages    = {400-401},
  month    = {March},
  year     = {1987}
}

@misc{Picone8463,
  author = {PICONE, J.},
  title = {ECE 8463: Fundamentals of Speech Recognition},
  text = {Department of Electrical and Computer Engineering Mississippi State University},
  year = {},
  url = {http://www.ece.msstate.edu/research/isip/publications/courses/ece_8463/} }

%Decodificador
@article {Vintsyuk68,
Author = {Vintsyuk, T.K.},
Title = {Speech Discrimination by Dynamic Programming},
Journal = {Kibernetika (Cybernetics)},
Volume = {4},
Pages = {81-88},
Year = {1968} 
}

@article {Forney73,
Author = {Forney G.D.},
Title = {The Viterbu algorithm},
Journal = {Proceedings of the IEEE},
Volume = {61},
Pages = {268-278},
month = {March},
Year = {1973}
}

@misc{Young89,
author = {SJ Young and NH Russell and
JHS Thornton},
Title = {Token Passing: a Conceptual Model for Connected Speech Recognition Systems},
text = {CUED Technical Report F INFENG/TR38, Cambridge University},
year = {1989},
url = {svr-ftp.eng.cam.ac.uk} }

% Autovozes X MLLR
@MASTERSTHESIS{Liselene2001,
  author = {Liselene de Abreu Borges},
  title = {Sistemas de Adaptação ao Locutor utilizando Autovozes},
  school = {Escola Politécnica da Universidade de São Paulo},
  year = {2001},
  month = {}
}

%MLLR X MAP
@MASTERSTHESIS{Henrik2002,
  author = {Henrik Söderquist},
  title = {An Application-Independent Speaker Adaptation Service},
  school = {Kungl Tekniska Högskolan},
  year = {2002},
  month = {April}
}

%Transf Linear
@ARTICLE{Krishna2008,
  author = {Gowtham Krishna, V. Sreenivas},
  title = {A Comparative Study of Speaker Adaptation Methods},
  booktitle = {TENCON - IEEE Region 10 Conference},
  year = {2008},
  month = {November}
}

%Eigenvoices
@MASTERSTHESIS{CarvalhoSouza2004,
  author = {L‚àö‚â†vio Carvalho Souza},
  title = {Adapta‚àö√ü‚àö¬£o de Locutor em Sistemas de Reconhecimento de Fala Contínua Empregando Eigenvoices},
  school = {Universidade Estadual de Campinas},
  year = {2004},
  month = {Setembro}
}

%MLLR
@INPROCEEDINGS{Leggetter95FlexibleSpeaker,
    author = {C.J. Leggetter and P.C. Woodland},
    title = {Flexible Speaker Adaptation Using Maximum Likelihood Linear Regression},
    booktitle = {Proc. ARPA Spoken Language Technology Workshop},
    year = {1995},
    pages = {110--115},
    publisher = {Morgan Kaufmann}
}

%MLLR
@InProceedings{WoodlandPyeGales96,
author = {P.C. Woodland, D. Pye, M.J.F. Gales},
title = {Iterative Unsupervised Adaptation using Maximum Likelihood Linear Regression},
booktitle = {Fourth International Conference on Spoken Language},
year = {1996},
month = {October},
pages = {1133 - 1136}
}

%MLLR versions
@PhdThesis{Uebel2002,
author = {Luís Felipe Uebel},
title = {Speaker Normalisation and Adaptation in Large Vocabulary Speech Recognition},
school = {Wolfson College and Cambridge University Engineering Department},
year = {2002},
month = {December}
}

%MLLR versions
@ARTICLE{Gales98,
    author = {M.J.F. Gales},
    title = {Maximum Likelihood Linear Transformations for {HMM}-Based Speech Recognition},
    journal = {Computer Speech and Language},
    year = {1998},
    volume = {12},
    pages = {75--98}
}

%MLLR
@ARTICLE{Leggetter95,
    author = {C.J. Leggetter},
    title = {Maximum Likelihood Linear Regression for Speaker Adaptation of Continuous Density Hidden markov Models},
    journal = {Computer Speech and Language},
    year = {1995},
    volume = {9},
    pages = {171--185}
}

%MLLR+MAP
@article {Goronzy00,
Author = {Silke Goronzy Ralf and Ralf Kompe},
Title = {A Combined {MAP} + {MLLR} Approach for Speaker Adaptation},
Journal = {Proc Sony Res Forum},
Volume = {9},
Pages = {9-14},
Year = {2000} }

%MLLR version MEAN+VAR
@ARTICLE{Gales96MeanAndVar,
    author = {M.J.F. Gales and P.C. Woodland},
    title = {Mean and Variance Adaptation within the {MLLR} Framework},
    journal = {Computer Speech and Language},
    year = {1996},
    volume = {10},
    pages = {249--264}
}

%MFCC
@article {Davis80,
author   = {Davis, S. and Merlmestein, P.},
title    = {Comparison of Parametric Representations for Monosyllabic Word Recognition in Continuously Spoken Sentences},
journal  = {IEEE Trans. on ASSP},
pages    = {357-366},
month    = {Aug.},
year     = {1980}
}

@article {Picone93,
author   = {J. Picone},
title    = {Signal modeling techniques in speech recognition},
journal  = {Proceedings of the IEEE},
volume   = {81},
number   = {9},
pages    = {1215-47},
month    = {Sep.},
year     = {1993}
}

%MLLR e MAP
@article {Gauvain94,
Author = {Jean Luc Gauvain and Chi-Hui Lee},
Title = {Maximum a Posteriori Estimation for multivariate Gaussian Mixture Observations os Markov Chains},
Journal = {IEEE Transactions on Speech and Audio Processing},
Volume = {02},
Pages = {291-298},
Year = {1994} 
}

@article {Gales96,
Author = {M. J. F. Gales and P.C. Woodland},
Title = {Mean and Variance Adaptation within the MLLR Framework},
Journal = {Computer Speech and Language},
Volume = {10(4)},
Pages = {249-264},
Month = {October},
Year = {1996} 
}

%HMM
@ARTICLE{Rabiner89,
  author = {Lawrence Rabiner},
  title = {A Tutorial on Hidden Markov Models and Selected Applications in Speech
Recognition},
  journal = {Proceedings of the IEEE},
  year = {1989},
  volume = {77},
  pages = {257-286},
  number = {2},
  month = {February},
  editor = {IEEE}
}

@book {HTKBook00,
Author = {Steve Young},
Title = {The HTK Book},
Publisher = {Microsoft Corporation, Version 3.0},
Year = {2000} 
}

@article {Woodland94,
Author = {Woodland, P. and Odell, J.J. and Valtchev, V. and Young, S.},
Title = {Large Vocabulary Continuous Speech Recognition Using HTK},
Journal = {IEEE Int'l Conf. Acoustics, Speech, and Signal Processing, vol. 2, pp. 125--128, Adelaide},
Year = {1994} }

@book {Rabiner78,
Author = {L.R. Rabiner and R.W. Schafer},
Title = {Digital Processing of Speech Signals},
Publisher = {Prentice-Hall, Inc., Englewood Cliffs, NJ},
Year = {1978} 
}

@book {Cunha00,
Author = {CUNHA, Celso; CINTRA, Lindley},
Title = {Nova Gramática do Português Moderno},
Publisher = {Edições João Sá da Costa: Lisboa},
Year = {2000} 
}

@article{Pessoa99,
  author   = {L. Pessoa and F. Violaro and P. Barbosa},
  title    = {Modelos da Língua Baseados em Classes de Palavras para Sistema de Reconhecimento de Fala Contínua},
  journal  = {Revista da Sociedade Brasileira de Telecomunicações},
  volume   = {14},
  number   = {2},
  pages    = {75-84},
  month    = {Dez},
  year     = {1999}
}

%Noise removal
@article {Boll79,
Author = {Steven F. Boll},
Title = {Suppression of Acoustic Noise in Speech Using Spectral Subtraction},
Journal = {IEEE Transactions on Acoustics, Speech, and Signal Processing, Vol. ASSP-27, NO. 2},
Year = {1979} }
